2479 3508
623 493 1250 535 Vx hostiuit post hec decessit
620 549 1483 595 Borziuoy super solium patris ascendit
615 608 1498 651 Tunc Suuatopluk in morauia rex erat
609 668 1236 711 Et dux boemie sibi seruiebat ‧
618 727 1531 773 Vadam uice dux borziuoy iuit ad curiam
615 781 749 821 regis
612 835 1403 883 Rex fecit sibi magnum uituperium
609 899 1462 944 Fecit ipsum retro mensam in terra sedere
609 956 1131 1001 Dicens debes hoc scire
609 1014 1570 1066 Quod non decet paganum equale esse Christiano
615 1074 1289 1122 Sede cum canibus hoc te decet
612 1135 1241 1178 Non dux sed stulta uacca
603 1189 1349 1234 Quia non curas de creatore tuo
626 1244 1337 1290 Vice dei colens auem quamlibet ‧
615 1301 1161 1349 Vx hoc audito erubuit
612 1362 1307 1407 Et quam cito fuit post prandium
603 1416 1552 1460 Rogauit baptismum Borziuoy a suuatopluk
603 1474 970 1520 Rege morauie
609 1534 1543 1583 Et a Nuchidiegie archiepiscopo Welegradensi
626 1594 1262 1637 Iste archiepiscopus ruthenus erat
609 1650 1346 1696 Missam sclauonice celebrabat
603 1710 1525 1756 Hic in Vuelegrado baptizauit boemum
620 1771 826 1813 primum
620 1825 1388 1870 Borziuogium ducem honestissimum
609 1878 1194 1923 Ano a natiuitate filii dei
620 1935 1331 1980 Post octingentos uiginti quattuor
620 2001 1400 2046 Cum igitur dux borziuoy ita statum
612 2057 1035 2099 suum commutauit
603 2113 1552 2165 Mundum contempnens ad deuocionem se permutauit ‧
612 2174 1274 2225 Elemosinas multas faciebat
606 2231 1101 2273 Et edes dei construebat
615 2286 1400 2332 Primam ecclesiam in grecz construxit
597 2346 1334 2389 Et sancto clementi ipsam dedicauit
603 2406 1370 2449 Secundam sancte marie supra pragam
585 2465 1292 2517 A magna porta statim in uia ‧
