<?xml version="1.0" encoding="UTF-8" standalone="yes"?>
<PcGts xmlns="http://schema.primaresearch.org/PAGE/gts/pagecontent/2013-07-15" xmlns:xsi="http://www.w3.org/2001/XMLSchema-instance" xsi:schemaLocation="http://schema.primaresearch.org/PAGE/gts/pagecontent/2013-07-15 http://schema.primaresearch.org/PAGE/gts/pagecontent/2013-07-15/pagecontent.xsd">
    <Metadata>
        <Creator>Transkribus</Creator>
        <Created>2025-11-04T09:56:45.598+01:00</Created>
        <LastChange>2025-12-07T17:58:33.605+01:00</LastChange>
        <TranskribusMetadata docId="11925655" pageId="105433604" pageNr="12" tsid="264135043" status="GT" userId="194844" imgUrl="https://files.transkribus.eu/Get?fileType=view&amp;id=HSFZPDKOKWOXKQCRUVKAABWW" xmlUrl="https://files.transkribus.eu/Get?id=ILGCMEJXRWGSESRPAXWIYPDT" imageId="88510091"/>
    </Metadata>
    <Page imageFilename="p012.jpg" imageWidth="2479" imageHeight="3508">
        <ReadingOrder>
            <OrderedGroup id="ro_1765450691771" caption="Regions reading order">
                <RegionRefIndexed index="0" regionRef="tr_1"/>
            </OrderedGroup>
        </ReadingOrder>
        <TextRegion orientation="0.0" id="tr_1" custom="readingOrder {index:0;}">
            <Coords points="964,532 964,2517 1958,2517 1958,532"/>
            <TextLine id="tr_1_tl_1" custom="readingOrder {index:0;}">
                <Coords points="976,577 1024,577 1072,575 1120,574 1168,574 1216,571 1264,571 1312,571 1360,574 1408,572 1456,574 1504,574 1552,574 1600,574 1648,574 1696,574 1744,574 1792,574 1840,574 1888,577 1937,574 1937,535 1888,538 1840,535 1792,535 1744,535 1696,535 1648,535 1600,535 1552,535 1504,535 1456,535 1408,533 1360,535 1312,532 1264,532 1216,532 1168,535 1120,535 1072,536 1024,538 976,538"/>
                <Baseline points="976,564 1024,564 1072,562 1120,561 1168,561 1216,558 1264,558 1312,558 1360,561 1408,559 1456,561 1504,561 1552,561 1600,561 1648,561 1696,561 1744,561 1792,561 1840,561 1888,564 1937,561"/>
                <TextEquiv>
                    <Unicode>Oloni super boemos de uiolencia querelabantur</Unicode>
                </TextEquiv>
            </TextLine>
            <TextLine id="tr_1_tl_2" custom="readingOrder {index:1;}">
                <Coords points="976,633 1022,633 1069,631 1115,631 1162,631 1208,631 1255,631 1301,631 1348,631 1394,631 1441,632 1488,633 1534,633 1581,633 1627,633 1674,633 1720,633 1767,633 1813,633 1860,633 1907,633 1907,594 1860,594 1813,594 1767,594 1720,594 1674,594 1627,594 1581,594 1534,594 1488,594 1441,593 1394,592 1348,592 1301,592 1255,592 1208,592 1162,592 1115,592 1069,592 1022,594 976,594"/>
                <Baseline points="976,620 1022,620 1069,618 1115,618 1162,618 1208,618 1255,618 1301,618 1348,618 1394,618 1441,619 1488,620 1534,620 1581,620 1627,620 1674,620 1720,620 1767,620 1813,620 1860,620 1907,620"/>
                <TextEquiv>
                    <Unicode>Et contra eos rome in iure obtinuerunt</Unicode>
                </TextEquiv>
            </TextLine>
            <TextLine id="tr_1_tl_3" custom="readingOrder {index:2;}">
                <Coords points="979,692 1024,689 1070,687 1115,688 1161,687 1206,686 1252,686 1297,686 1343,688 1388,689 1434,689 1479,689 1525,689 1570,689 1616,689 1661,689 1707,689 1752,689 1798,689 1843,689 1889,689 1889,653 1843,653 1798,653 1752,653 1707,653 1661,653 1616,653 1570,653 1525,653 1479,653 1434,653 1388,653 1343,652 1297,650 1252,650 1206,650 1161,651 1115,652 1070,651 1024,653 979,656"/>
                <Baseline points="979,680 1024,677 1070,675 1115,676 1161,675 1206,674 1252,674 1297,674 1343,676 1388,677 1434,677 1479,677 1525,677 1570,677 1616,677 1661,677 1707,677 1752,677 1798,677 1843,677 1889,677"/>
                <TextEquiv>
                    <Unicode>Papa incepit boemis nimis comminari</Unicode>
                </TextEquiv>
            </TextLine>
            <TextLine id="tr_1_tl_4" custom="readingOrder {index:3;}">
                <Coords points="980,742 1027,740 1074,740 1121,743 1169,743 1216,743 1263,743 1310,743 1358,743 1405,743 1452,743 1499,743 1547,743 1594,743 1641,743 1688,743 1736,743 1783,743 1830,743 1877,746 1925,749 1925,713 1877,710 1830,707 1783,707 1736,707 1688,707 1641,707 1594,707 1547,707 1499,707 1452,707 1405,707 1358,707 1310,707 1263,707 1216,707 1169,707 1121,707 1074,704 1027,704 980,706"/>
                <Baseline points="980,730 1027,728 1074,728 1121,731 1169,731 1216,731 1263,731 1310,731 1358,731 1405,731 1452,731 1499,731 1547,731 1594,731 1641,731 1688,731 1736,731 1783,731 1830,731 1877,734 1925,737"/>
                <TextEquiv>
                    <Unicode>Sed postquam uidit quod boemi uolunt ei </Unicode>
                </TextEquiv>
            </TextLine>
            <TextLine id="tr_1_tl_5" custom="readingOrder {index:4;}">
                <Coords points="976,801 1001,801 1027,801 1053,801 1078,801 1104,801 1130,801 1155,801 1181,801 1207,801 1233,801 1233,762 1207,762 1181,762 1155,762 1130,762 1104,762 1078,762 1053,762 1027,762 1001,762 976,762"/>
                <Baseline points="976,788 1001,788 1027,788 1053,788 1078,788 1104,788 1130,788 1155,788 1181,788 1207,788 1233,788"/>
                <TextEquiv>
                    <Unicode>supplicare</Unicode>
                </TextEquiv>
            </TextLine>
            <TextLine id="tr_1_tl_6" custom="readingOrder {index:5;}">
                <Coords points="991,857 1039,854 1087,854 1136,854 1184,854 1232,856 1281,857 1329,854 1377,857 1426,857 1474,857 1522,857 1571,857 1619,857 1667,857 1716,857 1764,857 1812,859 1861,857 1909,857 1958,854 1958,815 1909,818 1861,818 1812,820 1764,818 1716,818 1667,818 1619,818 1571,818 1522,818 1474,818 1426,818 1377,818 1329,815 1281,818 1232,817 1184,815 1136,815 1087,815 1039,815 991,818"/>
                <Baseline points="991,844 1039,841 1087,841 1136,841 1184,841 1232,843 1281,844 1329,841 1377,844 1426,844 1474,844 1522,844 1571,844 1619,844 1667,844 1716,844 1764,844 1812,846 1861,844 1909,844 1958,841"/>
                <TextEquiv>
                    <Unicode>Precepit eis de hoc aliquo modo emendare ‧</Unicode>
                </TextEquiv>
            </TextLine>
            <TextLine id="tr_1_tl_7" custom="readingOrder {index:6;}">
                <Coords points="973,914 1020,911 1068,911 1116,911 1164,912 1212,915 1260,917 1308,917 1356,917 1404,921 1452,923 1499,921 1547,920 1595,917 1643,917 1691,917 1739,917 1787,917 1835,917 1883,918 1931,923 1931,884 1883,879 1835,878 1787,878 1739,878 1691,878 1643,878 1595,878 1547,881 1499,882 1452,884 1404,882 1356,878 1308,878 1260,878 1212,876 1164,873 1116,872 1068,872 1020,872 973,875"/>
                <Baseline points="973,901 1020,898 1068,898 1116,898 1164,899 1212,902 1260,904 1308,904 1356,904 1404,908 1452,910 1499,908 1547,907 1595,904 1643,904 1691,904 1739,904 1787,904 1835,904 1883,905 1931,910"/>
                <TextEquiv>
                    <Unicode>Dux boemie precepit propter hoc in boleslauia</Unicode>
                </TextEquiv>
            </TextLine>
            <TextLine id="tr_1_tl_8" custom="readingOrder {index:7;}">
                <Coords points="982,974 1008,976 1034,977 1061,977 1087,977 1114,977 1140,979 1167,980 1193,980 1219,980 1246,980 1272,980 1299,980 1325,980 1352,977 1352,938 1325,941 1299,941 1272,941 1246,941 1219,941 1193,941 1167,941 1140,940 1114,938 1087,938 1061,938 1034,938 1008,937 982,935"/>
                <Baseline points="982,961 1008,963 1034,964 1061,964 1087,964 1114,964 1140,966 1167,967 1193,967 1219,967 1246,967 1272,967 1299,967 1325,967 1352,964"/>
                <TextEquiv>
                    <Unicode>ecclesiam facere</Unicode>
                </TextEquiv>
            </TextLine>
            <TextLine id="tr_1_tl_9" custom="readingOrder {index:8;}">
                <Coords points="976,1037 1020,1038 1064,1040 1108,1040 1153,1040 1197,1040 1241,1040 1286,1040 1330,1040 1374,1040 1419,1040 1463,1037 1507,1040 1551,1037 1596,1037 1640,1037 1684,1037 1729,1037 1773,1037 1817,1034 1862,1034 1862,995 1817,995 1773,998 1729,998 1684,998 1640,998 1596,998 1551,998 1507,1001 1463,998 1419,1001 1374,1001 1330,1001 1286,1001 1241,1001 1197,1001 1153,1001 1108,1001 1064,1001 1020,999 976,998"/>
                <Baseline points="976,1024 1020,1025 1064,1027 1108,1027 1153,1027 1197,1027 1241,1027 1286,1027 1330,1027 1374,1027 1419,1027 1463,1024 1507,1027 1551,1024 1596,1024 1640,1024 1684,1024 1729,1024 1773,1024 1817,1021 1862,1021"/>
                <TextEquiv>
                    <Unicode>Tunc temporis cesar gutte pater decessit</Unicode>
                </TextEquiv>
            </TextLine>
            <TextLine id="tr_1_tl_10" custom="readingOrder {index:9;}">
                <Coords points="970,1098 1021,1095 1073,1096 1124,1098 1176,1096 1227,1098 1279,1098 1330,1097 1382,1096 1433,1098 1485,1098 1536,1098 1588,1098 1639,1098 1691,1096 1742,1097 1794,1095 1845,1095 1897,1095 1949,1095 1949,1058 1897,1058 1845,1058 1794,1058 1742,1060 1691,1059 1639,1061 1588,1061 1536,1061 1485,1061 1433,1061 1382,1059 1330,1060 1279,1061 1227,1061 1176,1059 1124,1061 1073,1059 1021,1058 970,1061"/>
                <Baseline points="970,1086 1021,1083 1073,1084 1124,1086 1176,1084 1227,1086 1279,1086 1330,1085 1382,1084 1433,1086 1485,1086 1536,1086 1588,1086 1639,1086 1691,1084 1742,1085 1794,1083 1845,1083 1897,1083 1949,1083"/>
                <TextEquiv>
                    <Unicode>Cum cuius morte multum honoris deperiit ‧</Unicode>
                </TextEquiv>
            </TextLine>
            <TextLine id="tr_1_tl_11" custom="readingOrder {index:10;}">
                <Coords points="973,1152 1017,1152 1062,1152 1107,1152 1152,1152 1197,1149 1242,1149 1287,1149 1332,1149 1377,1149 1422,1149 1466,1152 1511,1152 1556,1152 1601,1152 1646,1152 1691,1152 1736,1152 1781,1152 1826,1152 1871,1155 1871,1118 1826,1115 1781,1115 1736,1115 1691,1115 1646,1115 1601,1115 1556,1115 1511,1115 1466,1115 1422,1112 1377,1112 1332,1112 1287,1112 1242,1112 1197,1112 1152,1115 1107,1115 1062,1115 1017,1115 973,1115"/>
                <Baseline points="973,1140 1017,1140 1062,1140 1107,1140 1152,1140 1197,1137 1242,1137 1287,1137 1332,1137 1377,1137 1422,1137 1466,1140 1511,1140 1556,1140 1601,1140 1646,1140 1691,1140 1736,1140 1781,1140 1826,1140 1871,1143"/>
                <TextEquiv>
                    <Unicode>Lter cesar uolens a boemis polonie</Unicode>
                </TextEquiv>
            </TextLine>
            <TextLine id="tr_1_tl_12" custom="readingOrder {index:11;}">
                <Coords points="973,1210 998,1210 1023,1210 1048,1210 1074,1210 1099,1210 1124,1210 1149,1210 1175,1210 1200,1210 1225,1208 1250,1207 1276,1207 1301,1208 1326,1210 1351,1209 1377,1207 1402,1209 1427,1210 1453,1210 1453,1171 1427,1171 1402,1170 1377,1168 1351,1170 1326,1171 1301,1169 1276,1168 1250,1168 1225,1169 1200,1171 1175,1171 1149,1171 1124,1171 1099,1171 1074,1171 1048,1171 1023,1171 998,1171 973,1171"/>
                <Baseline points="973,1197 998,1197 1023,1197 1048,1197 1074,1197 1099,1197 1124,1197 1149,1197 1175,1197 1200,1197 1225,1195 1250,1194 1276,1194 1301,1195 1326,1197 1351,1196 1377,1194 1402,1196 1427,1197 1453,1197"/>
                <TextEquiv>
                    <Unicode>thesauros rehabere</Unicode>
                </TextEquiv>
            </TextLine>
            <TextLine id="tr_1_tl_13" custom="readingOrder {index:12;}">
                <Coords points="982,1267 1029,1264 1076,1264 1123,1261 1171,1261 1218,1261 1265,1261 1313,1261 1360,1261 1407,1261 1455,1261 1502,1261 1549,1261 1596,1261 1644,1261 1691,1259 1738,1258 1786,1258 1833,1261 1880,1261 1928,1261 1928,1227 1880,1227 1833,1227 1786,1224 1738,1224 1691,1225 1644,1227 1596,1227 1549,1227 1502,1227 1455,1227 1407,1227 1360,1227 1313,1227 1265,1227 1218,1227 1171,1227 1123,1227 1076,1230 1029,1230 982,1233"/>
                <Baseline points="982,1256 1029,1253 1076,1253 1123,1250 1171,1250 1218,1250 1265,1250 1313,1250 1360,1250 1407,1250 1455,1250 1502,1250 1549,1250 1596,1250 1644,1250 1691,1248 1738,1247 1786,1247 1833,1250 1880,1250 1928,1250"/>
                <TextEquiv>
                    <Unicode>Volebat brzetislao ducatum auferre</Unicode>
                </TextEquiv>
            </TextLine>
            <TextLine id="tr_1_tl_14" custom="readingOrder {index:13;}">
                <Coords points="976,1315 1020,1318 1064,1318 1108,1315 1152,1318 1196,1318 1240,1315 1285,1315 1329,1315 1373,1315 1417,1315 1461,1315 1505,1315 1549,1315 1594,1315 1638,1315 1682,1315 1726,1315 1770,1315 1814,1315 1859,1315 1859,1281 1814,1281 1770,1281 1726,1281 1682,1281 1638,1281 1594,1281 1549,1281 1505,1281 1461,1281 1417,1281 1373,1281 1329,1281 1285,1281 1240,1281 1196,1284 1152,1284 1108,1281 1064,1284 1020,1284 976,1281"/>
                <Baseline points="976,1304 1020,1307 1064,1307 1108,1304 1152,1307 1196,1307 1240,1304 1285,1304 1329,1304 1373,1304 1417,1304 1461,1304 1505,1304 1549,1304 1594,1304 1638,1304 1682,1304 1726,1304 1770,1304 1814,1304 1859,1304"/>
                <TextEquiv>
                    <Unicode>Cum magno exercitu ad boemiam ibat</Unicode>
                </TextEquiv>
            </TextLine>
            <TextLine id="tr_1_tl_15" custom="readingOrder {index:14;}">
                <Coords points="973,1374 1011,1374 1050,1374 1088,1374 1127,1374 1165,1374 1204,1377 1242,1375 1281,1374 1319,1374 1358,1374 1396,1374 1435,1374 1473,1374 1512,1374 1550,1374 1589,1374 1627,1374 1666,1373 1704,1371 1743,1371 1743,1332 1704,1332 1666,1334 1627,1335 1589,1335 1550,1335 1512,1335 1473,1335 1435,1335 1396,1335 1358,1335 1319,1335 1281,1335 1242,1336 1204,1338 1165,1335 1127,1335 1088,1335 1050,1335 1011,1335 973,1335"/>
                <Baseline points="973,1361 1011,1361 1050,1361 1088,1361 1127,1361 1165,1361 1204,1364 1242,1362 1281,1361 1319,1361 1358,1361 1396,1361 1435,1361 1473,1361 1512,1361 1550,1361 1589,1361 1627,1361 1666,1360 1704,1358 1743,1358"/>
                <TextEquiv>
                    <Unicode>Et dum bauarie siluam adiret</Unicode>
                </TextEquiv>
            </TextLine>
            <TextLine id="tr_1_tl_16" custom="readingOrder {index:15;}">
                <Coords points="979,1428 1014,1428 1050,1428 1085,1429 1121,1431 1157,1431 1192,1431 1228,1431 1264,1430 1299,1428 1335,1431 1371,1431 1406,1431 1442,1430 1478,1428 1513,1428 1549,1428 1585,1430 1620,1431 1656,1431 1692,1431 1692,1392 1656,1392 1620,1392 1585,1391 1549,1389 1513,1389 1478,1389 1442,1391 1406,1392 1371,1392 1335,1392 1299,1389 1264,1391 1228,1392 1192,1392 1157,1392 1121,1392 1085,1390 1050,1389 1014,1389 979,1389"/>
                <Baseline points="979,1415 1014,1415 1050,1415 1085,1416 1121,1418 1157,1418 1192,1418 1228,1418 1264,1417 1299,1415 1335,1418 1371,1418 1406,1418 1442,1417 1478,1415 1513,1415 1549,1415 1585,1417 1620,1418 1656,1418 1692,1418"/>
                <TextEquiv>
                    <Unicode>Hoc duci brzecislao dixerunt</Unicode>
                </TextEquiv>
            </TextLine>
            <TextLine id="tr_1_tl_17" custom="readingOrder {index:16;}">
                <Coords points="979,1487 1016,1487 1054,1485 1091,1484 1129,1485 1167,1486 1204,1484 1242,1484 1279,1486 1317,1485 1355,1485 1392,1487 1430,1487 1467,1487 1505,1487 1543,1487 1580,1487 1618,1487 1655,1487 1693,1487 1731,1490 1731,1451 1693,1448 1655,1448 1618,1448 1580,1448 1543,1448 1505,1448 1467,1448 1430,1448 1392,1448 1355,1446 1317,1446 1279,1447 1242,1445 1204,1445 1167,1447 1129,1446 1091,1445 1054,1446 1016,1448 979,1448"/>
                <Baseline points="979,1474 1016,1474 1054,1472 1091,1471 1129,1472 1167,1473 1204,1471 1242,1471 1279,1473 1317,1472 1355,1472 1392,1474 1430,1474 1467,1474 1505,1474 1543,1474 1580,1474 1618,1474 1655,1474 1693,1474 1731,1477"/>
                <TextEquiv>
                    <Unicode>Quod iam apud siluam stabant</Unicode>
                </TextEquiv>
            </TextLine>
            <TextLine id="tr_1_tl_18" custom="readingOrder {index:17;}">
                <Coords points="988,1544 1014,1544 1041,1544 1067,1544 1094,1544 1120,1544 1147,1542 1173,1541 1200,1541 1226,1541 1253,1541 1280,1541 1306,1541 1333,1541 1359,1541 1386,1541 1412,1541 1439,1541 1465,1543 1492,1544 1519,1544 1519,1505 1492,1505 1465,1504 1439,1502 1412,1502 1386,1502 1359,1502 1333,1502 1306,1502 1280,1502 1253,1502 1226,1502 1200,1502 1173,1502 1147,1503 1120,1505 1094,1505 1067,1505 1041,1505 1014,1505 988,1505"/>
                <Baseline points="988,1531 1014,1531 1041,1531 1067,1531 1094,1531 1120,1531 1147,1529 1173,1528 1200,1528 1226,1528 1253,1528 1280,1528 1306,1528 1333,1528 1359,1528 1386,1528 1412,1528 1439,1528 1465,1530 1492,1531 1519,1531"/>
                <TextEquiv>
                    <Unicode>Brzecislaus suis dixit</Unicode>
                </TextEquiv>
            </TextLine>
            <TextLine id="tr_1_tl_19" custom="readingOrder {index:18;}">
                <Coords points="976,1601 1001,1600 1027,1598 1052,1598 1078,1598 1103,1598 1129,1598 1154,1598 1180,1598 1206,1598 1231,1598 1257,1598 1282,1598 1308,1599 1333,1601 1359,1600 1385,1598 1385,1559 1359,1561 1333,1562 1308,1560 1282,1559 1257,1559 1231,1559 1206,1559 1180,1559 1154,1559 1129,1559 1103,1559 1078,1559 1052,1559 1027,1559 1001,1561 976,1562"/>
                <Baseline points="976,1588 1001,1587 1027,1585 1052,1585 1078,1585 1103,1585 1129,1585 1154,1585 1180,1585 1206,1585 1231,1585 1257,1585 1282,1585 1308,1586 1333,1588 1359,1587 1385,1585"/>
                <TextEquiv>
                    <Unicode>Hoc ego bene scio</Unicode>
                </TextEquiv>
            </TextLine>
            <TextLine id="tr_1_tl_20" custom="readingOrder {index:19;}">
                <Coords points="985,1655 1028,1655 1071,1655 1114,1655 1157,1655 1200,1655 1243,1655 1286,1657 1329,1656 1372,1657 1415,1658 1458,1658 1501,1658 1544,1658 1587,1658 1630,1658 1673,1658 1716,1659 1759,1661 1802,1661 1845,1658 1845,1619 1802,1622 1759,1622 1716,1620 1673,1619 1630,1619 1587,1619 1544,1619 1501,1619 1458,1619 1415,1619 1372,1618 1329,1617 1286,1618 1243,1616 1200,1616 1157,1616 1114,1616 1071,1616 1028,1616 985,1616"/>
                <Baseline points="985,1642 1028,1642 1071,1642 1114,1642 1157,1642 1200,1642 1243,1642 1286,1644 1329,1643 1372,1644 1415,1645 1458,1645 1501,1645 1544,1645 1587,1645 1630,1645 1673,1645 1716,1646 1759,1648 1802,1648 1845,1645"/>
                <TextEquiv>
                    <Unicode>Quod non habemus arcus pineos</Unicode>
                </TextEquiv>
            </TextLine>
            <TextLine id="tr_1_tl_21" custom="readingOrder {index:20;}">
                <Coords points="973,1713 998,1713 1024,1713 1049,1713 1075,1713 1100,1713 1126,1712 1151,1710 1177,1710 1202,1710 1228,1712 1253,1713 1279,1713 1304,1713 1330,1713 1355,1713 1381,1713 1406,1713 1432,1714 1457,1715 1483,1713 1483,1676 1457,1678 1432,1677 1406,1676 1381,1676 1355,1676 1330,1676 1304,1676 1279,1676 1253,1676 1228,1675 1202,1673 1177,1673 1151,1673 1126,1675 1100,1676 1075,1676 1049,1676 1024,1676 998,1676 973,1676"/>
                <Baseline points="973,1701 998,1701 1024,1701 1049,1701 1075,1701 1100,1701 1126,1700 1151,1698 1177,1698 1202,1698 1228,1700 1253,1701 1279,1701 1304,1701 1330,1701 1355,1701 1381,1701 1406,1701 1432,1702 1457,1703 1483,1701"/>
                <TextEquiv>
                    <Unicode>Nec gladios de tilia</Unicode>
                </TextEquiv>
            </TextLine>
            <TextLine id="tr_1_tl_22" custom="readingOrder {index:21;}">
                <Coords points="976,1767 1021,1767 1066,1764 1112,1767 1157,1767 1202,1767 1248,1767 1293,1767 1338,1767 1384,1767 1429,1770 1474,1770 1520,1770 1565,1770 1610,1770 1656,1770 1701,1770 1746,1770 1792,1770 1837,1770 1883,1773 1883,1736 1837,1733 1792,1733 1746,1733 1701,1733 1656,1733 1610,1733 1565,1733 1520,1733 1474,1733 1429,1733 1384,1730 1338,1730 1293,1730 1248,1730 1202,1730 1157,1730 1112,1730 1066,1727 1021,1730 976,1730"/>
                <Baseline points="976,1755 1021,1755 1066,1752 1112,1755 1157,1755 1202,1755 1248,1755 1293,1755 1338,1755 1384,1755 1429,1758 1474,1758 1520,1758 1565,1758 1610,1758 1656,1758 1701,1758 1746,1758 1792,1758 1837,1758 1883,1761"/>
                <TextEquiv>
                    <Unicode>Et ex cesare lac pro sanquine non exibit</Unicode>
                </TextEquiv>
            </TextLine>
            <TextLine id="tr_1_tl_23" custom="readingOrder {index:22;}">
                <Coords points="979,1831 1019,1828 1059,1828 1099,1826 1139,1827 1179,1828 1219,1828 1259,1828 1299,1828 1339,1828 1379,1828 1419,1830 1459,1831 1499,1831 1539,1831 1579,1831 1619,1831 1659,1831 1699,1831 1739,1834 1779,1831 1779,1792 1739,1795 1699,1792 1659,1792 1619,1792 1579,1792 1539,1792 1499,1792 1459,1792 1419,1791 1379,1789 1339,1789 1299,1789 1259,1789 1219,1789 1179,1789 1139,1788 1099,1787 1059,1789 1019,1789 979,1792"/>
                <Baseline points="979,1818 1019,1815 1059,1815 1099,1813 1139,1814 1179,1815 1219,1815 1259,1815 1299,1815 1339,1815 1379,1815 1419,1817 1459,1818 1499,1818 1539,1818 1579,1818 1619,1818 1659,1818 1699,1818 1739,1821 1779,1818"/>
                <TextEquiv>
                    <Unicode>Si ipsum meus gladius attinget</Unicode>
                </TextEquiv>
            </TextLine>
            <TextLine id="tr_1_tl_24" custom="readingOrder {index:23;}">
                <Coords points="970,1887 1017,1887 1064,1887 1111,1887 1158,1886 1205,1885 1252,1887 1299,1887 1346,1887 1393,1887 1440,1887 1487,1887 1534,1887 1581,1887 1628,1887 1675,1889 1722,1890 1769,1890 1816,1890 1863,1890 1910,1887 1910,1848 1863,1851 1816,1851 1769,1851 1722,1851 1675,1850 1628,1848 1581,1848 1534,1848 1487,1848 1440,1848 1393,1848 1346,1848 1299,1848 1252,1848 1205,1846 1158,1847 1111,1848 1064,1848 1017,1848 970,1848"/>
                <Baseline points="970,1874 1017,1874 1064,1874 1111,1874 1158,1873 1205,1872 1252,1874 1299,1874 1346,1874 1393,1874 1440,1874 1487,1874 1534,1874 1581,1874 1628,1874 1675,1876 1722,1877 1769,1877 1816,1877 1863,1877 1910,1874"/>
                <TextEquiv>
                    <Unicode>Taliter cruor de suo latere sicut de meo</Unicode>
                </TextEquiv>
            </TextLine>
            <TextLine id="tr_1_tl_25" custom="readingOrder {index:24;}">
                <Coords points="976,1941 1001,1941 1026,1941 1051,1941 1076,1942 1101,1943 1126,1943 1152,1941 1152,1902 1126,1904 1101,1904 1076,1903 1051,1902 1026,1902 1001,1902 976,1902"/>
                <Baseline points="976,1928 1001,1928 1026,1928 1051,1928 1076,1929 1101,1930 1126,1930 1152,1928"/>
                <TextEquiv>
                    <Unicode> effluet</Unicode>
                </TextEquiv>
            </TextLine>
            <TextLine id="tr_1_tl_26" custom="readingOrder {index:25;}">
                <Coords points="973,2001 998,2001 1024,2001 1049,2001 1075,2001 1100,2001 1126,2001 1151,2001 1177,2001 1202,2001 1228,2000 1253,1998 1279,1998 1304,1998 1330,1998 1355,1998 1381,1998 1406,1998 1432,1998 1457,1997 1483,1995 1483,1956 1457,1958 1432,1959 1406,1959 1381,1959 1355,1959 1330,1959 1304,1959 1279,1959 1253,1959 1228,1961 1202,1962 1177,1962 1151,1962 1126,1962 1100,1962 1075,1962 1049,1962 1024,1962 998,1962 973,1962"/>
                <Baseline points="973,1988 998,1988 1024,1988 1049,1988 1075,1988 1100,1988 1126,1988 1151,1988 1177,1988 1202,1988 1228,1987 1253,1985 1279,1985 1304,1985 1330,1985 1355,1985 1381,1985 1406,1985 1432,1985 1457,1984 1483,1982"/>
                <TextEquiv>
                    <Unicode>Et quam cito hoc dixit</Unicode>
                </TextEquiv>
            </TextLine>
            <TextLine id="tr_1_tl_27" custom="readingOrder {index:26;}">
                <Coords points="979,2060 1023,2057 1067,2057 1111,2060 1155,2057 1199,2057 1243,2057 1287,2057 1331,2057 1375,2057 1419,2057 1463,2057 1507,2057 1551,2057 1595,2057 1639,2059 1683,2060 1727,2060 1771,2060 1815,2060 1859,2060 1859,2024 1815,2024 1771,2024 1727,2024 1683,2024 1639,2023 1595,2021 1551,2021 1507,2021 1463,2021 1419,2021 1375,2021 1331,2021 1287,2021 1243,2021 1199,2021 1155,2021 1111,2024 1067,2021 1023,2021 979,2024"/>
                <Baseline points="979,2048 1023,2045 1067,2045 1111,2048 1155,2045 1199,2045 1243,2045 1287,2045 1331,2045 1375,2045 1419,2045 1463,2045 1507,2045 1551,2045 1595,2045 1639,2047 1683,2048 1727,2048 1771,2048 1815,2048 1859,2048"/>
                <TextEquiv>
                    <Unicode>Precepit omnibus apud domaslicz esse</Unicode>
                </TextEquiv>
            </TextLine>
            <TextLine id="tr_1_tl_28" custom="readingOrder {index:27;}">
                <Coords points="979,2109 1027,2109 1076,2107 1124,2109 1173,2109 1221,2109 1270,2111 1318,2112 1367,2112 1415,2112 1464,2112 1512,2112 1561,2112 1609,2112 1658,2115 1706,2115 1755,2116 1803,2118 1852,2118 1900,2116 1949,2118 1949,2084 1900,2082 1852,2084 1803,2084 1755,2082 1706,2081 1658,2081 1609,2078 1561,2078 1512,2078 1464,2078 1415,2078 1367,2078 1318,2078 1270,2077 1221,2075 1173,2075 1124,2075 1076,2073 1027,2075 979,2075"/>
                <Baseline points="979,2098 1027,2098 1076,2096 1124,2098 1173,2098 1221,2098 1270,2100 1318,2101 1367,2101 1415,2101 1464,2101 1512,2101 1561,2101 1609,2101 1658,2104 1706,2104 1755,2105 1803,2107 1852,2107 1900,2105 1949,2107"/>
                <TextEquiv>
                    <Unicode>Dicens ibi debemus apud domaslicz congredi ‧</Unicode>
                </TextEquiv>
            </TextLine>
            <TextLine id="tr_1_tl_29" custom="readingOrder {index:28;}">
                <Coords points="982,2166 1029,2157 1076,2160 1123,2160 1170,2161 1217,2163 1264,2163 1312,2162 1359,2161 1406,2163 1453,2163 1500,2163 1547,2165 1594,2166 1642,2166 1689,2166 1736,2166 1783,2169 1830,2169 1877,2169 1925,2169 1925,2135 1877,2135 1830,2135 1783,2135 1736,2132 1689,2132 1642,2132 1594,2132 1547,2131 1500,2129 1453,2129 1406,2129 1359,2127 1312,2128 1264,2129 1217,2129 1170,2127 1123,2126 1076,2126 1029,2123 982,2132"/>
                <Baseline points="982,2155 1029,2146 1076,2149 1123,2149 1170,2150 1217,2152 1264,2152 1312,2151 1359,2150 1406,2152 1453,2152 1500,2152 1547,2154 1594,2155 1642,2155 1689,2155 1736,2155 1783,2158 1830,2158 1877,2158 1925,2158"/>
                <TextEquiv>
                    <Unicode>Vdiens quod saxones uadunt ab alia parte</Unicode>
                </TextEquiv>
            </TextLine>
            <TextLine id="tr_1_tl_30" custom="readingOrder {index:29;}">
                <Coords points="973,2222 1021,2219 1070,2222 1119,2221 1168,2219 1217,2219 1265,2221 1314,2222 1363,2224 1412,2225 1461,2225 1509,2225 1558,2228 1607,2225 1656,2225 1705,2226 1753,2228 1802,2228 1851,2228 1900,2228 1949,2228 1949,2189 1900,2189 1851,2189 1802,2189 1753,2189 1705,2187 1656,2186 1607,2186 1558,2189 1509,2186 1461,2186 1412,2186 1363,2185 1314,2183 1265,2182 1217,2180 1168,2180 1119,2182 1070,2183 1021,2180 973,2183"/>
                <Baseline points="973,2209 1021,2206 1070,2209 1119,2208 1168,2206 1217,2206 1265,2208 1314,2209 1363,2211 1412,2212 1461,2212 1509,2212 1558,2215 1607,2212 1656,2212 1705,2213 1753,2215 1802,2215 1851,2215 1900,2215 1949,2215"/>
                <TextEquiv>
                    <Unicode>Dixit eis dux non timeatur saxonum plagam</Unicode>
                </TextEquiv>
            </TextLine>
            <TextLine id="tr_1_tl_31" custom="readingOrder {index:30;}">
                <Coords points="976,2279 1024,2279 1072,2276 1120,2279 1168,2279 1217,2279 1265,2279 1313,2279 1361,2281 1409,2280 1458,2281 1506,2282 1554,2282 1602,2282 1650,2282 1699,2282 1747,2282 1795,2283 1843,2284 1891,2285 1940,2284 1940,2245 1891,2246 1843,2245 1795,2244 1747,2243 1699,2243 1650,2243 1602,2243 1554,2243 1506,2243 1458,2242 1409,2241 1361,2242 1313,2240 1265,2240 1217,2240 1168,2240 1120,2240 1072,2237 1024,2240 976,2240"/>
                <Baseline points="976,2266 1024,2266 1072,2263 1120,2266 1168,2266 1217,2266 1265,2266 1313,2266 1361,2268 1409,2267 1458,2268 1506,2269 1554,2269 1602,2269 1650,2269 1699,2269 1747,2269 1795,2270 1843,2271 1891,2272 1940,2271"/>
                <TextEquiv>
                    <Unicode>Et precepit prkossio de bielina contra sa¬</Unicode>
                </TextEquiv>
            </TextLine>
            <TextLine id="tr_1_tl_32" custom="readingOrder {index:31;}">
                <Coords points="973,2335 998,2333 1023,2332 1048,2332 1073,2332 1098,2332 1123,2333 1148,2335 1173,2335 1198,2335 1224,2335 1224,2296 1198,2296 1173,2296 1148,2296 1123,2294 1098,2293 1073,2293 1048,2293 1023,2293 998,2294 973,2296"/>
                <Baseline points="973,2322 998,2320 1023,2319 1048,2319 1073,2319 1098,2319 1123,2320 1148,2322 1173,2322 1198,2322 1224,2322"/>
                <TextEquiv>
                    <Unicode>xones ire</Unicode>
                </TextEquiv>
            </TextLine>
            <TextLine id="tr_1_tl_33" custom="readingOrder {index:32;}">
                <Coords points="967,2392 1010,2392 1054,2392 1098,2392 1142,2392 1186,2395 1230,2395 1274,2395 1318,2395 1362,2395 1406,2395 1449,2395 1493,2397 1537,2398 1581,2398 1625,2398 1669,2398 1713,2396 1757,2395 1801,2395 1845,2398 1845,2359 1801,2356 1757,2356 1713,2357 1669,2359 1625,2359 1581,2359 1537,2359 1493,2358 1449,2356 1406,2356 1362,2356 1318,2356 1274,2356 1230,2356 1186,2356 1142,2353 1098,2353 1054,2353 1010,2353 967,2353"/>
                <Baseline points="967,2379 1010,2379 1054,2379 1098,2379 1142,2379 1186,2382 1230,2382 1274,2382 1318,2382 1362,2382 1406,2382 1449,2382 1493,2384 1537,2385 1581,2385 1625,2385 1669,2385 1713,2383 1757,2382 1801,2382 1845,2385"/>
                <TextEquiv>
                    <Unicode>Et uno uerbo cum ipsis prelium inire</Unicode>
                </TextEquiv>
            </TextLine>
            <TextLine id="tr_1_tl_34" custom="readingOrder {index:33;}">
                <Coords points="967,2449 1014,2446 1061,2446 1108,2449 1155,2452 1202,2452 1249,2453 1296,2455 1343,2455 1390,2455 1437,2455 1484,2455 1531,2455 1578,2455 1625,2455 1672,2455 1719,2455 1766,2455 1813,2455 1860,2455 1907,2455 1907,2416 1860,2416 1813,2416 1766,2416 1719,2416 1672,2416 1625,2416 1578,2416 1531,2416 1484,2416 1437,2416 1390,2416 1343,2416 1296,2416 1249,2414 1202,2413 1155,2413 1108,2410 1061,2407 1014,2407 967,2410"/>
                <Baseline points="967,2436 1014,2433 1061,2433 1108,2436 1155,2439 1202,2439 1249,2440 1296,2442 1343,2442 1390,2442 1437,2442 1484,2442 1531,2442 1578,2442 1625,2442 1672,2442 1719,2442 1766,2442 1813,2442 1860,2442 1907,2442"/>
                <TextEquiv>
                    <Unicode>Dicens non permittas eos cum cesare congredi ‧</Unicode>
                </TextEquiv>
            </TextLine>
            <TextLine id="tr_1_tl_35" custom="readingOrder {index:34;}">
                <Coords points="964,2508 1012,2508 1060,2508 1108,2508 1156,2509 1204,2511 1252,2511 1300,2511 1348,2513 1396,2514 1444,2514 1492,2514 1540,2514 1588,2514 1636,2517 1684,2517 1732,2517 1780,2514 1828,2514 1876,2514 1925,2514 1925,2475 1876,2475 1828,2475 1780,2475 1732,2478 1684,2478 1636,2478 1588,2475 1540,2475 1492,2475 1444,2475 1396,2475 1348,2474 1300,2472 1252,2472 1204,2472 1156,2470 1108,2469 1060,2469 1012,2469 964,2469"/>
                <Baseline points="964,2495 1012,2495 1060,2495 1108,2495 1156,2496 1204,2498 1252,2498 1300,2498 1348,2500 1396,2501 1444,2501 1492,2501 1540,2501 1588,2501 1636,2504 1684,2504 1732,2504 1780,2501 1828,2501 1876,2501 1925,2501"/>
                <TextEquiv>
                    <Unicode>Si perdes aliquid non permittam te in nullo</Unicode>
                </TextEquiv>
            </TextLine>
        </TextRegion>
    </Page>
</PcGts>
