2479 3508
564 497 1406 544 Ostea borziuoy de mundo decessit
561 560 1486 604 Et de ducatu ad regnum perpetuum peruenit
573 615 1528 663 Post eum Sbyhnyobb solium suscepit patris sui ‧
573 669 1173 717 Iste non erat corporis fortis
561 723 1328 777 Moriebatur in etate adolescentula
555 783 1471 842 Dimittens ducem Wratislaum fratrem suum
564 842 1516 899 Iste duxit uxorem de thodor comitis boemie
558 900 1552 959 Huic nomen erat drahomirz de prouincia satensi
558 965 1128 1005 Ista ducissa pagana erat
555 1018 1212 1067 Duos filios pulcros habebat
549 1073 1283 1125 Seniori nomen erat Boleslaus
552 1132 1125 1179 Et iuniori Wenczeslaus
549 1192 1152 1237 Iste mites mores habebat
525 1251 1185 1299 Propter quos omnibus carus erat
555 1313 1504 1355 propter quod ipsum post patrem ducem elegerunt
546 1364 1286 1406 Et boleslao boleslauiam dederunt ‧
549 1418 1337 1466 Sed quia adhuc dux Wenceslaus
552 1475 853 1516 iuuenis erat
555 1532 1233 1577 Et terram gubernare non poterat
549 1589 1301 1637 Commiserunt ipsum beate ludmile
549 1642 1277 1693 deo et omnibus hominibus dilecte ‧
570 1702 1155 1747 Sta fuit uxor Borziuuoy
552 1762 1215 1807 Et filia comitis de Pssouua
555 1822 1215 1864 Cui tunc Pssouu dicebatur
549 1878 1274 1923 Huic postea melnik dederunt
543 1935 1325 1980 Nam ante melnik castrum erat
558 1991 1316 2033 Illud sibi nomen Pssobb habebat
552 2046 1227 2092 Et sub ciuitate fluuius fluit
561 2099 1182 2146 Ille sibi pssowka habebat
555 2159 1453 2213 Vcisse ludmile drahomirz inuidebat
543 2219 1209 2264 Nam sola regnare uolebat ‧
546 2276 1316 2319 Se uocauit thunye et komonye
534 2332 1337 2389 Promisit eis argentum et palafredos
558 2390 1212 2434 Vt clam ludmila priuarent
549 2451 1230 2493 Et ipsam occulte iugularent
