2479 3508
546 462 1280 517 Rahomirz se de filio intromisit
543 526 1286 580 Et a sapientibus de iure querebat
543 583 1247 633 Quis deberet terram gubernare
546 642 1531 693 Donec sibimet dux consilium non posset dare ‧
540 702 1364 750 T dum sapientes sese consuluissent
618 768 1006 816 Et pro iure dederunt
537 824 1298 872 Quod suum filium custodiret
537 880 1218 935 Et interim terram gubernaret
549 937 1531 995 Donec dux ad suos annos non perueniret
537 1003 1427 1048 Et ipsum rectus sensus non penetraret
549 1059 1516 1111 Rahomirz cepit paganismum augmentare
543 1122 1385 1173 Et totum clerum de terra fecit expelli
546 1179 1498 1222 Et ubicunque clericum uel christianum uincebat
552 1232 1098 1281 Viuere sibi non licebat
549 1292 1337 1341 Ad hoc ipsam eius malitia coegit
555 1355 1465 1401 Quod paganos contra christianos concitauit
549 1412 1325 1463 In praga tale prelium receperunt
555 1468 1501 1517 Vsque quod sanguinolenti riui profluebant
552 1528 1382 1577 Ex utraque parte multi occisi erant
537 1591 1146 1637 Et hoc ipsa libenter uidebat
552 1644 1531 1696 Dicens in hoc faueo mortem meis paganis
564 1704 1492 1759 Ut per hoc diminueretur potentia christianorum
546 1767 1486 1819 T dum Wentelaus ad annos peruenit
549 1830 1200 1875 De sue matris tutela exiuit
552 1883 1424 1932 Dicebat matercula sede in tuo dotalicio
549 1943 1250 1989 Ad me spectat terre gubernacio
549 2000 1041 2046 Et cepit terram regere
549 2056 1092 2105 Et edes dei fecit aperiri
549 2116 1155 2159 Clerum ad terram restituit
552 2178 1230 2224 Quem sua expulerat mater
549 2233 1206 2278 Dei cultum in terra augebat
546 2296 1510 2339 Emendo pueros gentilium ipsos baptizabat
540 2347 1361 2388 Ad missam solus oblatas pistabat
555 2402 1486 2445 Viduis ligna de siluiis de nocte portabat
549 2457 1516 2502 Ad sanctos de nocte nudipes ambulabat
549 2516 1543 2565 Vsque quod sibi per uiam de pedibus cruor profluebat
