2479 3508
573 547 1477 592 Ost hec dux uolens uindicare auum suum
591 603 1370 648 Iuit super meskam ducem polonie
573 657 1358 702 Meska contra ipsum potenter exiuit
588 711 1238 759 Et in illo prelio meska decessit
573 765 1376 813 A bochemia usque recte ad glogouiam
576 826 1337 872 Non audiuisses polonicale uerbum
567 885 1379 932 Nam totam terram in cinerem redegerat
573 948 1459 991 Et brzetislaus in knyesua poemicalia
567 1002 949 1042 tentoria posuit ‧
564 1057 1477 1105 Ab inde quinque fratrum corpora receperunt
573 1119 1331 1165 Et sanctum radimum inde sustulerunt
567 1180 1513 1222 Sanctus Woythiech non permisit se inde accipere
567 1235 1507 1277 Vsque quo oportebat eos ieiunium trium
564 1287 940 1327 dierum recipere
564 1344 1173 1389 Officia magna faciebant
561 1404 1292 1446 Tabernas in festis prohibuerunt
567 1457 1283 1502 Et seruos homines liberauerunt
567 1511 1495 1558 Et quisquis contra faceret hii per episcopum
561 1573 1032 1612 excomunicauerant
567 1624 1161 1668 Et postquam hoc perfecissent
564 1676 1468 1722 Tunc corpus sancti Woythiechi sustulerunt
561 1730 1447 1778 Nam propter hoc isti excomunicati erant
561 1787 1436 1835 Quo abdicato domum eum receperunt
570 1849 1459 1892 Eciam omnes alios sanctos receperunt
567 1900 1373 1946 Ibi receperunt tres tabulas pictas
561 1958 913 2004 ex toto aureas
543 2016 1543 2061 Quarum quelibet trecentas libras ponderabat
558 2073 1200 2119 Inter quas crux aurea erat
561 2124 1504 2170 Hanc fecerat dux meska de auro facere
561 2183 1340 2228 Quo se poterat ter preponderare ‧
567 2237 1516 2284 E polonia centum currus de campanis
567 2298 844 2341 eduxerunt
570 2345 1513 2402 Et de aliis preciosis multum exportauerunt
567 2412 1358 2460 Hoc factum est a natiuitate filii dei
573 2462 1295 2516 Anno post mille triginta octo
