2479 3508
567 522 1265 565 Quod eum inuasit talis miseria
564 586 1191 628 Que sic circa tales solet esse
570 639 1483 684 Nam raro quis occulti amoris in bono
564 702 743 744 utitur ‧
564 759 1376 801 Cesari suum comitatum uendidit
564 812 1397 857 Et quam cito cesar sibi pecuniam dedit
573 872 1456 920 Incepit per guastas siluas perambulare
564 926 1439 974 Et aptum sibi solum ad castrum querere ‧
573 988 1477 1034 Inuento monte incepit castrum edificare
564 1047 1447 1093 Edificato castro cepit expensas conquirere
555 1106 1376 1152 Quibus post per centum anno uiuere
570 1160 1436 1209 Perfecto toto cepit omnes operarios occidi
564 1218 1504 1266 Postea totam familiam in unam domum inclusit ‧
555 1274 1492 1323 Et recludens igne conbussit omnes homines
558 1337 1253 1379 Hoc fecit propter illud consilium
555 1392 1361 1437 Quod nemo non sciret istud castrum ‧
555 1451 1346 1493 In hoc malum consilium habuit
561 1505 1385 1550 Quod nulli credere non presumpsit
576 1564 1415 1607 Post hoc cesaris filiam absportauit
555 1621 1480 1666 Et super castrum suum occulte eam portauit
561 1681 1507 1729 Super quo solus cum sola per quinque annum resedit ‧
555 1732 1519 1783 Quod eum nullus homo non sciuit ‧
561 1797 1361 1840 Ontingit quod cesar cum sua curia
555 1854 913 1899 ratispone erat
549 1908 1376 1955 Egrediens ad uenatorem solus per
555 1968 919 2010 siluam errabat
555 2019 1244 2067 Nesciens quid sibi ipsi facere
555 2075 1513 2120 Cupiebat quod posset alicubi uillam uidere
567 2132 1525 2173 Post riuum incepit sursum ad castrum equitare
555 2184 1385 2230 Super quo filia sua cum eius genero erat
570 2239 1430 2282 Videns castrum ibat ad pontem cicius
561 2298 1519 2341 Et incepit rogare quod ipsum dignarentur
561 2358 880 2401 intromittere
561 2421 1319 2467 Nam iam triduo non comederat
567 2477 1295 2526 Et pluuia frigida super ipsum ibat
