2479 3508
961 532 1904 583 N illo tempore accidit quod dux Vlricus uenabatur
961 592 1836 636 Solus in solitudine silue oberrabat
967 648 1889 699 Vidit etenim quod stabat perfectum castrum
955 709 1716 753 Dux uolebat ad ipsum ire libenter
967 765 1540 809 Sed uiam non habebat
961 815 1874 866 Et in circuitu castri dense spine erant ‧
964 875 1958 923 Escendens de equo cum gladio uiam perputauit
961 935 1910 986 Et incepit ad castrum super truncis scandere
970 995 1922 1040 Nam non poterat ullum ad se adclamare
967 1046 1648 1098 Et ut homines in ibi essent
973 1112 1555 1152 non poterat considerare
967 1165 1642 1207 Quia pons subleuatus erat
970 1221 1907 1266 Et castrum muros fortes circum se habebat ‧
973 1278 1910 1320 T cum dux cum labore ad castrum intrauit
973 1338 1662 1379 Omnes cameras perambulauit
976 1395 1791 1440 Et tum nec unus homo desuper non erat
976 1448 1913 1496 Diuicie multe et uina multa super eo erant
985 1508 1949 1556 Perviso castro unde intrauerat ibidem descendit
988 1565 1812 1610 Postea dux dedit castrum illud domino
979 1624 1495 1665 huic przimda dicebatur
958 1684 1871 1741 propterea huic castro przimda dixerunt
985 1741 1922 1783 Vare hoc castrum in sollitudine fuit positum
979 1803 1913 1842 propter quid eciam fuit desertum relictum
976 1853 1794 1895 Taliter quod uia ad ipsum non patebat
973 1909 1648 1949 Cronica teutonica me docuit
973 1959 1886 2004 Hanc perlegi quod aldeburgensis comes
979 2018 1280 2059 iuuenis erat
970 2073 1862 2116 Hic in curia cesaris continuo stabat
973 2130 1683 2170 Et incepit filiam cesaris amare
973 2183 1961 2228 Et illa quod cum reamaret incepit sibi perardere
973 2240 1919 2285 Iste comes eam apud patrem rogare non audebat
967 2296 1555 2336 Quia sibi equalis non erat ‧
973 2356 1585 2398 Et sic amore desiccabatur
970 2414 1922 2460 Et cesaris filia etiam per eam siccitatem arcescebat ‧
901 2471 1680 2510 D hoc ipsum coegit fortis amor
