2479 3508
988 521 1639 570 Isti ducisse uolentes complacere
991 584 1543 624 Promiserunt hoc perpetrare ‧
976 636 1719 684 Ancta ludmila ducem gubernabat
976 693 1812 738 Et cum curia sua in tethino residebat
970 750 1621 801 Et propter quia beata ludmila
973 803 1767 854 Deo et multis hominibus fuit cara
955 869 1489 914 Quidam christianorum pueri
955 924 1444 970 Dederunt ei hoc scire
973 981 1591 1024 Quid drahomirz condixerat
967 1036 1719 1084 Quid eciam illi duo promiserant
961 1094 1519 1137 Cognitiens sancta dutissa
961 1149 1803 1194 Quid eius nepotis uxor intendebat
964 1203 1603 1251 Cepit se ad mortem preparare
976 1262 1755 1308 Primo orphanis promisit persolui ‧
976 1323 1698 1368 T dum in deuocione permaneret
967 1377 1683 1422 Et mortem beniuole desideraret
967 1433 1665 1481 Tune et komon aduenerunt
973 1487 1621 1535 Et ante curiam resederunt ‧
979 1550 1877 1595 Vcissa uidens quod ipsam uolunt occidere
967 1607 1462 1655 Fecit eos coram se ire
979 1663 1830 1708 De salute sui nepotis uxore quesiuit
967 1716 1692 1762 Et ipsorum necessitatem eis dari fecit
982 1773 1707 1822 Illo die cepit peccata confiteri
988 1833 1528 1878 Deuotissime expectare
991 1890 1659 1932 Illa nocte illi nequam cameram
973 1947 1597 1989 super dutissam effregerunt
967 2001 1910 2046 Et ibi beatam dutissam cum peplo strangula
970 2056 1149 2098 uerunt
967 2110 1907 2153 Sic isti pagani se dyabolo subiecerunt
970 2173 1871 2216 Et sanctam ludmilam deo transmiserunt ‧
