2479 3508
955 486 1854 532 Vx ulricus apud postoloprt uenabatur
964 549 1848 595 Accidit cum per quamdam uillam transiret
967 608 1910 648 Vidit quod una uirgo honesta super riuo stabat
958 666 1898 711 Nudipes et sine manicis uestimenta abluebat
955 728 1552 771 Rustica pulcra ualde erat
961 787 1865 833 Et circa hoc ex toto pudicos mores habebat
967 842 1871 890 Incepit eius pulcritudinem mirari stando
955 898 1633 944 Et statim illam pro ducissa duxit
955 955 1546 1003 Illa ducissa uirtuosa erat
958 1018 1698 1063 Et sibi nomen bosena habebat ‧
958 1078 1845 1120 Omini sibi de hoc pro malo ceperunt habere
952 1138 1764 1183 Dux dixit domini dignemini audire
949 1196 1627 1240 Ex rusticis spectabiles fiunt
949 1254 1743 1299 Et spectabilium filias rustici ducunt
949 1316 1892 1355 Nam per antiquate diuicie nobilitatem faciunt
949 1368 1910 1414 Et sepe nobile de rusticitate paupertas redarguit ‧
952 1426 1618 1472 Egressi sum omnes ex patre uno
952 1489 1922 1533 Et is appellat se nobilem qui habet de argento multum
955 1546 1680 1592 Ex quo est ita nobilitas cum rusti¬
955 1605 1286 1648 citate permixta
958 1655 1597 1698 Erit idcirco uxor mea bozena
949 1716 1662 1759 Malo cum boema rustica ridere
949 1782 1859 1825 Quam filiam regis alienigenam pro uxore habere
955 1842 1758 1887 Bulit cuilibet cor post linguam suam
961 1902 1877 1949 Et propter hoc alienigena minus erit fauere
955 1959 1376 2001 hominibus meis
958 2020 1770 2060 Alienigena alienam familiam erit habere
958 2073 1755 2116 Et instruet teotonice pueros meos
949 2130 1543 2173 Et ideo erit lingue scisura
949 2187 1606 2233 Et statim terre certa destruccio
961 2247 1653 2299 Domini uos nescitis bonum unum
964 2312 1883 2361 Improperantes michi de matrimonio meo
961 2369 1540 2411 Vbi interpretes acciperetis
949 2422 1842 2476 Quando coram teotonica ducissa staretis
955 2489 1698 2535 T quando dux de bozena filium habuit
949 2546 1722 2592 Hunc brzetzislaum nominauit ‧
