2479 3508
543 484 1516 535 Et dum Wratislaus prope ducem Wenceslaum
537 544 1244 595 Vidit quod dux Wenczeslaus
537 606 1233 648 crucem auream in fronte habebat
540 660 1373 705 Et duo angeli hinc et hinc ipsum erant
543 717 1427 765 Videns hoc perteritus et ante ducem boemie
543 777 1230 819 Wratislaus saliit de equo suo
531 831 1167 874 Et iuit ad ueniam ad eum
564 885 1489 934 Ipsum dux Wenceslaus recepit ad graciam
531 940 1483 986 Dicens ba dimitte meum habe in tuo satis
546 997 1185 1043 Pro morando secum in sytomirz
549 1056 1373 1105 In omni bono se secum reconciliauit ‧
