955 1461
87 126 367 195 Pipini Regis Francie filius
117 174 364 215 dum uiueret nobis census imposuit
120 201 361 247 quo Romanis Imperatoribus
117 227 353 270 teneamur obnoxii Uidelicet
115 255 367 289 Centuum XXti · boues electos et
118 281 362 326 quingentas marcas argenti sol¬
115 308 367 351 uendum · Quod quidem seruaui¬
115 336 354 379 mus nec in aliquo sumus
114 362 364 409 transgressi Vltra cuius obser¬
112 390 361 431 uanciam nec artari nos licet
109 418 348 459 nec quocumque largiori iugo ·
116 443 366 490 grauari Nam pocius eligimus
112 472 351 519 mori quam insolitum ferre
116 499 376 546 onus etc · At uero Imperator
105 523 351 567 hiis auditis rescripsit · Quod
114 553 371 599 non obstancibus statutis anterio¬
108 582 353 623 ribus quibuscunque preceptum
116 608 370 654 suum uelit effectualiter adimpleri
76 639 372 685 Vel ad execucionem eius ipsos com¬
111 665 356 706 pellere manu forti · Et
120 692 364 736 sic dum prefatus dux Boemie
108 722 364 763 Brzezeczislaus mandatus imperia¬
105 751 356 795 libus obtemperare renueret ·
116 774 371 823 statim Imperator furore succen¬
118 804 371 850 sus fortem et magnum congre¬
116 828 356 872 gat exercitum · Et personaliter
114 854 362 910 cum principibus suis ab uno
106 886 368 938 latere per uiam qua itur de Rati¬
111 914 363 965 spona Boemian applicat ·
102 946 363 991 Et in littore fluuii Rzezen
100 976 366 1022 qui uolgaliter dicitur Regen Ad
109 1007 350 1050 partem que declinat uersus
112 1034 361 1075 Cham prope siluas cuum exercitu
109 1059 371 1101 suo castra inetatus est · ducem
103 1083 368 1125 uero Saxonie Othardum nomine
103 1110 364 1163 uirum bellicum et industrium cum
450 132 702 198 suis ex opposito alterius partis
450 178 704 223 qua itur per Sirbiam uersus Saxo¬
444 205 700 252 niam ad inuadendum Boemiam or¬
447 235 708 280 dinauit · Sicque ex utraque parte
451 265 706 309 terram et gentem Boemie duris
442 290 717 338 congressibus nitebatur opprimere
451 320 698 366 Dum igitur Imperator a parte
440 351 699 393 exercitus sui metas Boemie
442 378 693 424 attigisset · Et densitatem
454 403 709 451 siluarum qua ad intrantum Boe¬
450 434 694 479 miam aditus preclusus erat li¬
442 464 722 511 quido conspexisset uiasque quaeslibet
442 494 714 538 inueniret obstructas suos sin¬
450 519 706 558 gulos iubet manum apponere
442 549 709 593 et per densitates siluarum huiusmodi
449 577 706 624 uias necessarias preparare Quo
446 604 717 647 facto una cum suis intrat obscura
455 630 717 667 siluarum in loca · Et dum quemdam
451 657 726 702 eminenciorem locum siluarum huiusmodi
441 684 694 736 ascendisset · Imperialia fixit
453 714 706 752 tentoria · Et sedens Boemie¬
446 740 718 785 que terram et situm inspiciens prin¬
447 767 711 812 cipes et nobiles suos conuocat
439 795 710 842 ac ipsos opportunis exhortacionibus
448 826 708 867 alloquitur et admonet ut eciam
450 848 700 897 absque tedio de uictoria securi
451 875 716 915 procedant et intendant uiriliter
448 901 723 951 incepto labori Qui monitis
439 928 718 982 Imperalibus animati linquentes
442 957 703 1001 tentoria Boemie densiores
444 987 696 1029 intrant in siluas · Et postquam
443 1012 720 1063 aliquantum itineris duris labo¬
440 1044 706 1088 ribus in earundem siluarum asperis per¬
447 1070 712 1116 lustrassent et neminem sibi resi¬
451 1097 710 1139 stere persensissent Per insolitos
446 1125 718 1171 montes et colles maximis
