933 1459
238 143 487 174 cum fatigis progredientes ·
227 170 479 205 Vlterius / dum iam abrupta ·
245 196 496 227 uiarum pericula euasisse spera¬
247 224 499 255 bant restat ex solitudine
247 249 503 282 et inconsueta uia labor Et
244 273 510 308 quidem fortissimi milites uiribus
245 299 513 337 fortem in talibus cupiunt supera¬
239 329 494 366 re laborem / non hostibus sed
245 357 510 390 itineris deuio fatigati / temporis
244 385 509 420 eciam exuberante calore quietem
247 411 498 443 et refrigerium petunt · Et
254 437 496 470 sic multa ponderositate las¬
252 464 512 496 sati credentes se hostium aduer¬
253 489 518 523 sitate securos arma deponunt ‧
248 517 482 555 Et dum uelud inter pacatos
247 543 498 581 fines inopinatis euentibus
248 572 510 608 se improuide exponunt Acci¬
244 600 504 634 dit quod prefatus Boemie dux
241 627 502 662 qui cum fidelibus suis populis
247 655 498 692 ad defendendum terram suam
242 684 510 717 non sine ordine sapienter ut
248 712 499 745 potuit iam disposuerat facta
255 739 491 775 sua · senciens ex fatigis et
248 767 504 806 laboribus sicut premittitur Impera¬
241 798 516 837 toris exercitum ‧ defecisse · Incau¬
247 828 505 863 tos hostes cum suis audacter
246 856 498 889 quietus inuasit Et ipsos
244 884 492 915 a maximo usque ad minimum
241 912 499 948 absque pietate percuciens quoslibet
242 940 498 974 quos non saluauit fuge pre¬
248 967 509 1003 sidium interfecit · Ac insuper
248 996 496 1028 eciam fugientes usque ad Im¬
248 1022 498 1056 peratoris tentorium persecutus
247 1050 495 1082 est nec pepercit generi uel
247 1077 505 1110 etati Imperator uero inopi¬
244 1104 507 1138 natum gentis sue casum ex euen¬
242 1132 504 1165 tu rei percipiens uix de tanto
588 144 820 177 periculo cum paucis euasit ·
579 172 835 208 Et sic cum principibus suis
580 200 847 236 pro tunc per fugam liquit Boemiam
589 234 829 266 Qui pridem sub Imperiali
583 263 818 295 uictrice aquilla uictoriam
584 291 836 323 sperauerat reportare Ex aduerso
587 322 845 354 uero ab ea parte per quam Othar¬
584 349 841 382 dus Saxonie dux cum suis
590 380 833 411 Boemiam intrauerat per uiam
592 407 841 440 que dicitur Bielina ipsam ut
584 437 846 470 potuit deuastauit quousque
587 464 833 500 ad pontem Gnewin alias
580 492 837 526 Bruks iuxta fluuium Bie¬
580 521 831 552 linam peruenisset · Ibidem dum
580 551 833 583 infortunatos Cesaris euentus
581 582 847 614 audisset mente perterritus et inter¬
580 612 851 644 uenientibus treugis reuoluere
578 641 827 673 cepit in animo quomodo prefatum
578 669 858 705 ducem Boemie Brzeczislaum
579 700 847 736 mitigaret et post tantam uicto¬
579 729 832 762 riam Cesari reformaret ·
579 757 838 789 Brzeczislaus uero Boemie
580 782 851 818 dux de fidelitate sue gentis
590 815 840 846 presumens dicti ducis Sa¬
583 840 846 873 xonie spreuit consilium mandans
575 871 835 902 sibi quod uel uoluntarius infra
577 899 827 931 triduum exeat Boemiam
581 925 827 960 uel post lapsum eius bello ‧
579 955 840 988 pressus subiaceat net habeat
583 981 844 1019 amodo liberam licenciam exeun¬
577 1009 843 1044 di · Qui uir prouidus ta¬
580 1034 829 1068 lia prudenter aduertens et
583 1059 835 1095 prioribus domini sui Cesaris
575 1086 840 1122 discriminosis pensatis dispendiis
573 1114 835 1149 Boemie terram et metas co¬
575 1137 843 1171 gitur exire pacificus Interea
