952 1465
93 116 360 175 Ruffi filia de qua superius facta
104 160 355 202 est mencio amplius in Boemia
106 184 356 228 moraretur · Similiter Abbatissiam
106 213 366 248 sancti Georgii nobilis Brunonis
102 236 368 274 Comitis Almanie filiam · Ex eo
98 260 352 297 quod eadem Abbatissa olim in con¬
105 281 359 322 struccione muri Castri pra-
103 308 354 354 gensis per Brzeczislaum quondam
99 333 366 380 ducem Boemie patrem dicti Spi¬
107 363 348 401 tignei constructi · Eundem
106 386 430 432 Brzeczislaum adhuc iuenem Spitigneum
90 413 354 458 propter destruccionem cuiusdam for¬
96 438 353 482 nacis pistorie dicti Monasterii
93 465 352 509 obprobriis et oblocutoriis uerbis
96 493 366 539 affecerat Extra monasterium
98 519 354 556 et regnum eiecit · Demum non post
93 549 354 591 multos dies proficiscitur uersus
90 573 374 618 Morauiam · Nam quondam Bre¬
99 600 350 640 czislaus pater eius Morauiam inter
106 629 361 673 filios suos per partes diuiserat
94 654 344 697 Wratislao medietatem eius
98 682 355 725 Conrado et Ottoni aliam super¬
106 707 353 754 stitem partem assignans · Ea con¬
96 734 357 778 dicione quod tamquam uasalli ducis
98 760 353 807 Boemie sibi fideliter perpetua
101 789 365 832 subieccione subessent · Iaromir
95 816 353 860 uero liberalibus studiis tradide¬
96 844 350 881 rat imbuendum ut tempore suo
82 870 361 912 Valeret ad gradum sacerdocii pro¬
98 896 357 931 moueri · Et dum cum multitu¬
95 923 368 960 dine armatorum potenter Morauiam
98 944 353 988 applicaret · Frater suus senior
98 966 345 1010 post eum Wratislaus nomine
90 995 348 1036 audiens talem fortem aduentum ·
95 1022 354 1062 ipsius timuit ualde · Et uxo¬
90 1045 348 1090 re sua in Olomucz Ciuitate
87 1072 356 1116 dimissa fugit Vngariam Quem
90 1098 351 1141 Rex Andreas ibidem gratanter
90 1124 350 1172 suscipiens quamdiu secum fuit
436 130 697 179 honore condigno tractauit ·
424 164 693 206 Ueniens itaque Spitigneus
431 192 692 234 Morauiam et rebus et patria ad
436 219 711 266 placitum ordinatis fratres suos
432 243 720 290 suam recepit ad curiam Conradum
434 272 697 313 qui uenacionibus delectabatur ·
435 300 698 346 insistere officio uenacionis pre¬
435 330 699 375 ficiens Ottonem prouisorem
435 356 700 405 et dispensatorem fisci ducalis
432 384 721 428 constituit · Nurum eciam suam
435 411 706 455 Wratislai fratris sui coniugem
437 442 709 491 postquam ipsa cum Ciuitate Olo¬
434 470 708 517 mucensi in eius potestatem deue¬
433 498 719 540 nit cuidam Comiti Mstis nomine
431 524 701 572 ad quoddam castrum quod Lesstien
429 556 698 597 dicitur in captiuitatem tradidit
430 582 704 630 Qui Comes insignem talem
431 611 702 650 dominam ne aufugeret dure te¬
430 638 699 681 nuit · Et pedem suum cum pede
431 664 693 709 eius compede forti costrinxit ·
431 692 707 742 Quod tamen Wratislaus uir eius
439 720 702 768 postea percipiens plurimum egre
438 753 700 791 tulit · Spitigneus itaque pre¬
437 775 696 822 fatus dux Induccione Seueri
440 802 703 849 Pragensis Episcopi dominam prefatam
436 828 706 876 post lapsum unius mensis de capti¬
440 856 696 900 uitate liberam abire dimisit
434 885 691 928 Que ad uirum suum redire propo¬
437 911 697 956 nens et in itinere iam existens
436 940 696 982 quia uicina partui fuit infir¬
433 965 685 1011 mitate pressa infra triduum
432 996 690 1040 exspirauit · Quod uir eius au¬
431 1021 702 1058 diens magno dolore turbatur
429 1050 697 1089 nec per multos dies uoluit in
422 1071 705 1121 huiusmodi suis doloribus miti¬
426 1098 706 1141 gari · Andreas autem predictus
426 1122 723 1176 Rex Vngarie uidens Wratislaum
