945 1459
77 121 362 179 Wratislaus principatus Boemie solio
100 165 369 197 sublimatur ‧ Qui non post multos
89 197 368 223 dies Morauiam intrans diuidit
89 214 369 254 eam inter fratres suos Orientalem
92 238 371 278 plagam quam ipse prius habuerat
89 265 358 304 aptam uenatui et piscibus
89 288 368 331 habundantem Ottoni committens
89 319 369 358 Occidentalem partem uersus the¬
89 346 365 384 utonicos decimantem campe¬
95 371 347 412 screm et planam frugibusque ‧
95 398 373 438 fertilem Conrado ‧ Qui et lin¬
89 424 368 467 guam theutonicam optime sciuit
87 451 376 498 distribuens Iaromir itaque quartus
94 479 366 525 frater eorum qui olim a patre eorum
91 509 365 557 Brzeczislao literarum studiis ap¬
87 539 359 581 plicatus et ad clericatum depu¬
91 569 361 614 tatus fuerat ‧ Audiens mortem
86 593 351 642 Spitignei fratris sui quem ut
92 620 377 666 se ipsum dilexerat de studio re¬
91 651 364 698 uertitur Paternam et hereditariam
94 682 362 734 suam sibi dari postulans porcio¬
89 708 369 757 nem Quem dux Wratislaus
94 740 372 784 frater eius gratanter suscipiens et
89 765 368 813 ut sensit eum magis ad temporalem
91 792 361 840 miliciam quam clericalem gradum
90 822 376 865 inclinatum existere ‧ Ipsum miniis
91 847 365 894 precibus ‧ a suo reduxit pro¬
91 876 361 925 posito ‧ Promittens sibi quod eum
88 909 354 948 post obitum Seueri Pragensis
87 933 368 983 Episcopi ad presulatus apicem promo¬
86 964 367 1006 ueret ‧ Et sic intrante mar¬
87 990 367 1034 cio in prima sabati dum sacri ordi¬
85 1020 381 1062 nes celebrantur ‧ Iaromir partim
87 1045 361 1092 resistens in diaconum ordinatur ‧
89 1075 366 1117 Et ibidem Episcopo missarum sollem¬
86 1100 355 1142 nia celebrante more diaconi
84 1127 350 1175 ewangelium legit ‧ Et in presencia
417 123 718 177 Wratislai fratris sui iuxta morem
434 170 705 210 solitum Episcopo ministrauit ‧ Qui
425 194 709 234 tamen Iaromir acceptum ordinem
426 222 714 267 post hoc abiciens miles effectus
425 248 729 297 est et ad ducem Polonie fugitiuus
429 277 700 325 abscessit ‧ Interea accidit quod
426 303 711 355 Mstis Comes Bieline filius
428 333 710 382 Borsch ‧ Qui olim uxorem
431 359 708 403 Wratislai ducis ad mandatum
426 387 722 435 Spitignei in custodia irreuerenter
434 414 700 459 tenuerat ‧ Eo quod ipsum de hoc
433 444 698 487 Wratislaus dux suspectum
429 470 705 513 haberet non immemor tamen de pru¬
427 497 713 541 dencia sui ipsius nimium confisus
429 522 712 570 pallacium ducis audacter in¬
428 548 712 598 gressus ducem rogauit suppli¬
428 574 703 617 citer quod ad consecracionem paro¬
433 601 714 643 chialis ecclesie quam in urbe sua Bie¬
434 628 709 669 lina in honore sancti Petri apostoli
433 654 708 694 instaurarat accedere dignaretur
433 680 714 722 dux uero peticioni sue sub con¬
429 707 706 750 dicione exequende iusticie con¬
437 732 702 774 senciens uenire promisit dicens
437 757 712 803 Veniam et quod iustum est faciam
420 775 706 837 Quam Mstis prefatus responsionem
431 819 705 867 non perpendens letus abscessit ‧
429 844 704 896 Et tam pro duce quam pro Episcopo
437 876 714 923 fecit necessaria singula preparari Con¬
437 904 716 948 stituta itaque die dux et episcopus
426 929 710 974 Bielinam ueniunt ‧ Et ibidem
428 958 708 1005 ecclesia dedicata ‧ Dux cum suis
429 982 703 1032 pransurus intrat in urbem Co¬
425 1011 712 1053 mes uero et Episcopus in quadam
427 1034 715 1085 curia sua prope ecclesiam dedicatam
426 1061 734 1105 remanent ‧ Interea uenit nuncius
426 1088 709 1131 dices secrete Comiti ablatam
385 1113 721 1171 esse sibi urbem per ducem Boemie et tra¬
505 1142 692 1190 simul discumbunt
