2182 3010
878 292 1727 373 boriuoy qui primus dux baptizatus
873 367 1745 463 est a uenerabili methudio in mo¬
869 452 1745 547 rauia ‧ sub temporibus arnolphi inperato¬
881 541 1727 629 ris et zuatopluc eiusdem morauię re¬
878 632 1709 721 gis ‧ Hec superfluum esse iudicauimus
885 721 1697 803 quod referente fama audiuimus ‧
896 805 1751 886 Huic operi nostro hoc in loco summatim
893 897 1745 969 litterarum apicibus inserere bellum ‧ quod
893 973 1754 1060 quidem olim antea retro dierum tempore
887 1057 1772 1151 ducis neclan in campo quod dicitur turzco
896 1144 1748 1240 consertum est inter boemos et luczanos qui
899 1224 1793 1323 nunc a modernis ab urbe sathec uocitan¬
905 1314 1745 1402 tur sathcenses ‧ Vnde autem antiquitus
290 1418 1775 1496 nuncupetur ea nacio luczano nolumus preteriri sub silencio ‧ Quip¬
278 1493 1775 1578 pe illa distinguitur prouincia quinque regionibus locorum per compendi¬
288 1572 1769 1662 a ‧ Prima regio est sita circa riuum nomine Guntna  ‧ secunda ex u¬
291 1653 1799 1743 traque parte est fluuii uzca ‧ tercia extenditur per circuitum torrentis briz¬
285 1740 1706 1828 nica ‧ quarta quę et siluana dicitur sita est infra terminos fluminis
297 1822 1769 1907 msa ‧ quinta quę in medio est ‧ luca pulcherrima uisu et utillima
297 1910 1754 1994 usu ‧ ac uberrima satis ‧ nec non habundantissima pratis ‧ unde
297 2002 1779 2077 et nomen ipsa regio traxit ‧ quia luca ‧ latine pratum dicitur ‧ Et quoniam hęc
281 2082 1740 2157 regio primum longe antequam satech urbs condita foret est inhabita¬
290 2174 1751 2242 ta hominibus ‧ recte eius incole sunt a regione luczane nuncupa¬
291 2250 1785 2325 te ‧ His prefuit dux nomine wlatizlaus uir bellicosus ‧ ac consiliis
291 2339 1758 2413 supra modum dolosus ‧ satisque ‧ in preliis felix potuisset dici ‧ si so¬
290 2420 1746 2497 rs supprema non clausisset eum fine infelici ‧ Nam contra boemos
296 2504 1787 2590 frequenter susceperat bellum ‧ et semper marte secundo atque diis aus¬
