2177 2972
222 186 1653 279 pe uiros quinque non incongrue equiperare possumus siue quinque
243 267 1698 361 porticibus probaticę piscinę siue prudentibus quinque uirginibus
243 348 1683 439 oleo habundantibus misericordię quia pauperes ipsi pauperibus Christi quos
237 434 1688 530 in suis confouebant mansionibus · eis prout poterant submi¬
234 523 1695 613 nistrabant misericordię sumptibus · Ipsis autem uirtus talis erat abstine¬
252 609 1719 702 ncię · ut alius bis · alius semel in sabbato nullus tamen dietim sumere
243 698 1701 789 cibum · Cibus autem eis erat holus propriiis elaboratum manibus ·
270 783 1695 876 Panem raro habuere · sed pisces numquam · Legumina aut milium non
248 872 1716 961 nisi in pascha aut penteconsten sumere licuit · Limpham incor¬
255 955 1707 1043 ruptam · et hanc libant ad mensuram · Carnis esca eis abhomina¬
252 1043 1686 1131 bilis · et feminę uisus execrabilis · Vestis hyrta et aspera contex¬
264 1131 1703 1217 ta de cauda et equinis iubis · In lectulo lapis pro sustentaculo ca¬
264 1215 1730 1309 pitis · et matta pro lectisternio · et hęc uetus nimis et singularis · Nec
273 1305 1692 1392 fuit ulla quies · stant tota nocte lugentes · tam proprium quam
261 1394 1683 1481 plebicule scelus atque reatum · Nunc sonant pectora crebris
275 1477 1737 1561 tunsionibus liuida · nunc sudant corpora innumeris genu flex¬
270 1558 1713 1648 ionibus fessa · nunc manibus expansis et oculis erectis · uiuat ut
279 1638 1736 1732 in cęlis precibus unusquisque instat anhelis · Numquam locuti sunt ad in¬
285 1716 1725 1815 uicem · nisi uenientem ad hospitem · et adhuc paucis · Vere legis fac¬
278 1801 1724 1903 tores non auditores erant · uere semet ipsos cum uiciis et concupis¬
273 1887 1703 1984 censiis mundi crufigentes · et crucem Christi mente et corpore baio¬
291 1977 1746 2064 lantes · gratum deo sacrificium · non ex pectore alieno · sed ex corpore proprio of¬
291 2061 1716 2145 ferebant · quia cottidie uicissim uapulabant · Talis enim mos
291 2150 1764 2230 erat illorum simul unaquaque dierum · post prima dorsum mollire usque
285 2227 1755 2314 deorsum · In faciemque cadens ad fratrem frater aiebat · Si parcis peccas
275 2305 1767 2404 cum tangis ne michi parcas · Et stans cum fla¬
1403 2322 1781 2382 gello respondit
291 2393 1725 2492 Sicut uis fiat · Christumque · rogat · fratrem flagellat dicens · Nec prefata
