2174 3006
432 218 1895 293 cia ‧ nisi eis assit uigilans pastori custodia ‧ cruentis lupis o¬
435 304 1901 374 pima recte fiunt edulia ‧ Tunc metropolita maguntinus
453 389 1875 458 sollicitus ne populus nuper Christo acquisitus ‧ relapsus mantiquos
444 472 1910 542 pereat sacrilegos ritus ‧ mittens legatos ad apostolicum clamat ‧ ut
456 554 1883 623 aut uiduatę pragensi ęcclesię maritum remittat ‧ aut alium in
455 636 1898 705 loco suo ordinare permittat ‧ Et quoniam seruus dei adalbertus ius¬
446 724 1910 789 su apostolici ‧ factus liber a custodia gregis dominici ‧ in cenobio sancti
449 812 1908 876 alexii confessoris cum senatoribus cęli infra amenam curiam terreni
462 895 1905 959 conuersabatur elysii ‧ Hunc dominus papa suus et pius insimul ab¬
456 976 1871 1043 ba talibus alloquiis mestum solantur amicis ‧ O fili dulcissi¬
465 1063 1892 1131 me et frater amantissime adalberte ‧ per karitatem dei te deprecamur ‧
479 1153 1907 1214 et per amorem proximi obtestamur ‧ ut ad tuam parrochiam dig¬
665 1238 1922 1301 nanter redeas ‧ regimenque tuarum ouium diligenter recipi¬
467 1322 1931 1383 as ‧ Si te audierint deo gracias ‧ si te non audierint ‧ fugientes fu¬
473 1416 1904 1466 gias ‧ ne cum pereuntibus pereas ‧ et ad naciones exteras predicandi
474 1513 1920 1549 licentiam habeas ‧ Hac praesul adalbertus ualde ex hi¬
467 1580 1935 1644 laratus sentencia ‧ quod sibi data sit docendi exteras gentes
471 1680 1923 1726 licencia ‧ non sine magna mesticia fratrum sulcia linquit consor¬
462 1757 1938 1815 cia ‧ Et cum uiro summe discrecionis presule nomine Notario ‧ ar¬
462 1835 1938 1913 chiepiscopum maguntinę urbis in palacio rogat ‧ quo per eius
468 1918 1938 1997 missos scire posset si se suus grex recipere uellet ‧ Quo fac¬
462 2002 1914 2075 to ‧ quid sibi suus grex responderit ‧ aut quam ob causam eum non re¬
462 2081 1935 2160 ceperit ‧ uel ad quas inde transierit gentes ‧ quante eciam frugalitatis omnibus
477 2173 1902 2250 diebus sui episcopii fuerit ‧ quanta morum honestate enituerit ‧ scire
462 2251 1955 2339 poterit ‧ qui uitam eius seu passionem legerit ‧ Nam michi iam dicta ‧ bis
471 2341 1929 2423 dicere non placet ista ‧ Tunc ztrahquaz ‧ frater ducis de quo supra me¬
456 2432 1902 2510 minimus uidens episcopum quasi iure et regulariter a sua plebe
