2206 3006
447 271 1962 352 cello ‧ Quod abscidens sub clamide uelut domini sui pro honore mun¬
446 352 1926 439 da inuoluit syndone ut ad ducem qui sibi eum commiserat infe¬
449 435 1905 523 lix malo suo deferat ‧ fert sine mora funesta dona ‧ sperans
437 520 1938 607 pro tali facto innumera consequi munera ‧ et inuenit ducem in pragen¬
441 602 1914 697 si palacio cum omnibus residentem comitibus in concilio ‧ atque opti¬
449 685 1886 784 mum ratus fore ‧ ut in conspectu omnium facinus suum referat in
443 769 1950 872 medium ‧ intrat et salutat ducem ‧ et resalutatus stans expec¬
440 860 1931 959 tat ‧ et ut data est sibi copia fandi dixit ‧ En ego solus me¬
440 946 1926 1048 a effeci securi ‧ ut uos omnes dormiatis in utramque aurem se¬
446 1030 1941 1135 curi ‧ Sepe enim una et minima scintilla quam incaute cus¬
449 1116 1908 1223 tos domus reliquit sub tentui fauilla excitat ignes mag¬
440 1207 1887 1306 nos ‧ et non solum domum ‧ sed eciam inuoluit et comburit ipsos
443 1285 1910 1390 domus dominos ‧ Hanc ego scintillam precauens et preuidens in
447 1366 1898 1477 futuram uobis nocituram extinxi ‧ et uosque posteros a uentura
447 1453 1922 1562 clade quasi ex diuino oraculo premonitus protexi ‧ Vos autem
452 1539 1869 1648 qui estis capita terrę huic facto nomen inuenite ‧ Si est
437 1630 1905 1733 meritum facite ut omnes sciant quantum merui ‧ aut si dici¬
446 1716 1877 1817 tis esse scelus ‧ plus michi debetis ‧ quod uos ipsi non facitis ‧
440 1806 1928 1904 scelus ‧ An ideo debuistis infanti parcere quia pater eius uestros
449 1888 1904 1991 infantes interficere et catulos uoluit ponere ad sugendum
449 1972 1928 2078 uestras coniuges ? Certe nec carnes suaues rabidi ‧ nec suaue
444 2055 1899 2162 lupi ius ‧ Ecce paterni sanguinis ultor uobis quandoque no¬
440 2143 1874 2252 citurus ‧ iacet sine uestro sanguine uictus ‧ Quin ite pocius
428 2238 1889 2338 accipite regnum ocius ‧ quod sine metu possidebitis in sempi¬
437 2327 1868 2421 ternum felicius ‧ Et statim protulic caput in disco tenellum ‧ in quo
431 2413 1859 2507 nichil adhuc uiui hominis fuit exterminatum nisi tantum
437 2505 1895 2593 quod erat uoce priuatum ‧ Expauit dux corda tremuerunt
