<?xml version="1.0" encoding="UTF-8" standalone="yes"?>
<PcGts xmlns="http://schema.primaresearch.org/PAGE/gts/pagecontent/2013-07-15" xmlns:xsi="http://www.w3.org/2001/XMLSchema-instance" xsi:schemaLocation="http://schema.primaresearch.org/PAGE/gts/pagecontent/2013-07-15 http://schema.primaresearch.org/PAGE/gts/pagecontent/2013-07-15/pagecontent.xsd">
    <Metadata>
        <Creator>prov=University of Rostock/Institute of Mathematics/CITlab|PLANET AI GmbH/Tobias Gruening/tobias.gruening@planet-ai.de:name=/net_tf/LA73_249_0mod360.pb:de.uros.citlab.segmentation.CITlab_LA_ML:v=2.6.6
Transkribus</Creator>
        <Created>2020-02-24T17:14:01.008+01:00</Created>
        <LastChange>2025-12-08T23:30:52.522+01:00</LastChange>
        <TranskribusMetadata docId="11421212" pageId="104474604" pageNr="41" tsid="264380322" status="GT" userId="194844" imgUrl="https://files.transkribus.eu/Get?fileType=view&amp;id=SVYISTZEHYJKABMMPGCGFUAG" xmlUrl="https://files.transkribus.eu/Get?id=EFMJZCHBKIPQDLLOKREXZOYX" imageId="9149542"/>
    </Metadata>
    <Page imageFilename="06 - A3a - ÖNB 508-0041.jpg" imageWidth="2182" imageHeight="3027">
        <ReadingOrder>
            <OrderedGroup id="ro_1765450713522" caption="Regions reading order">
                <RegionRefIndexed index="0" regionRef="r2"/>
            </OrderedGroup>
        </ReadingOrder>
        <TextRegion orientation="0.0" id="r2" custom="readingOrder {index:0;}">
            <Coords points="215,136 215,2731 2078,2731 2078,136"/>
            <TextLine id="r2l3" custom="readingOrder {index:0;}">
                <Coords points="299,297 371,298 444,298 516,300 589,300 661,301 734,303 806,304 879,304 951,305 1024,306 1096,306 1169,304 1241,303 1314,301 1386,300 1459,296 1531,292 1604,287 1676,281 1760,262 1760,204 1676,223 1604,229 1531,234 1459,238 1386,242 1314,243 1241,245 1169,246 1096,248 1024,248 951,247 879,246 806,246 734,245 661,243 589,242 516,242 444,240 371,240 299,239"/>
                <Baseline points="299,278 371,279 444,279 516,281 589,281 661,282 734,284 806,285 879,285 951,286 1024,287 1096,287 1169,285 1241,284 1314,282 1386,281 1459,277 1531,273 1604,268 1676,262 1767,256"/>
                <TextEquiv>
                    <Unicode>nores fugio ‧ pompas seculi despicio ‧ indignum me iudico</Unicode>
                </TextEquiv>
            </TextLine>
            <TextLine id="r2l4" custom="readingOrder {index:1;}">
                <Coords points="282,378 355,381 429,384 503,385 577,387 651,388 725,390 799,391 873,391 947,391 1021,391 1094,391 1168,390 1242,388 1316,385 1390,382 1464,379 1538,375 1612,370 1686,364 1760,357 1760,299 1686,306 1612,312 1538,317 1464,321 1390,324 1316,327 1242,330 1168,332 1094,333 1021,333 947,333 873,333 799,333 725,332 651,330 577,329 503,327 429,326 355,323 282,320"/>
                <Baseline points="282,359 355,362 429,365 503,366 577,368 651,369 725,371 799,372 873,372 947,372 1021,372 1094,372 1168,371 1242,369 1316,366 1390,363 1464,360 1538,356 1612,351 1686,345 1760,338"/>
                <TextEquiv>
                    <Unicode>episcopali fastigio ‧ nec tantum pondus pastoralis curę ferre</Unicode>
                </TextEquiv>
            </TextLine>
            <TextLine id="r2l5" custom="readingOrder {index:2;}">
                <Coords points="294,463 366,465 439,466 512,469 585,471 657,472 730,474 803,475 876,475 948,477 1021,477 1094,477 1167,477 1239,475 1312,474 1385,471 1458,467 1530,462 1603,456 1676,450 1749,442 1749,384 1676,392 1603,398 1530,404 1458,409 1385,413 1312,416 1239,417 1167,419 1094,419 1021,419 948,419 876,417 803,417 730,416 657,414 585,413 512,411 439,408 366,407 294,405"/>
                <Baseline points="294,444 366,446 439,447 512,450 585,452 657,453 730,455 803,456 876,456 948,458 1021,458 1094,458 1167,458 1239,456 1312,455 1385,452 1458,448 1530,443 1603,437 1676,431 1749,423"/>
                <TextEquiv>
                    <Unicode>sufficio ‧ Monachus sum ‧ mortuus sum ‧ mortuos sepelire non</Unicode>
                </TextEquiv>
            </TextLine>
            <TextLine id="r2l6" custom="readingOrder {index:3;}">
                <Coords points="285,547 359,549 433,552 508,553 582,555 657,556 731,558 805,558 880,559 954,559 1029,559 1103,558 1177,556 1252,555 1326,552 1401,549 1475,546 1549,540 1624,535 1698,530 1773,523 1773,465 1698,472 1624,477 1549,482 1475,488 1401,491 1326,494 1252,497 1177,498 1103,500 1029,501 954,501 880,501 805,500 731,500 657,498 582,497 508,495 433,494 359,491 285,489"/>
                <Baseline points="285,528 359,530 433,533 508,534 582,536 657,537 731,539 805,539 880,540 954,540 1029,540 1103,539 1177,537 1252,536 1326,533 1401,530 1475,527 1549,521 1624,516 1698,511 1773,504"/>
                <TextEquiv>
                    <Unicode>possum ‧ Ad hęc presul adalbertus respondit ‧ Scias frater ztrah¬</Unicode>
                </TextEquiv>
            </TextLine>
            <TextLine id="r2l7" custom="readingOrder {index:4;}">
                <Coords points="294,630 365,633 436,635 507,637 579,639 650,640 721,642 792,642 864,643 935,643 1006,643 1077,643 1149,642 1220,641 1291,639 1362,637 1434,634 1505,631 1576,627 1647,624 1719,618 1719,560 1647,566 1576,569 1505,573 1434,576 1362,579 1291,581 1220,583 1149,584 1077,585 1006,585 935,585 864,585 792,584 721,584 650,582 579,581 507,579 436,577 365,575 294,572"/>
                <Baseline points="294,611 365,614 436,616 507,618 579,620 650,621 721,623 792,623 864,624 935,624 1006,624 1077,624 1149,623 1220,622 1291,620 1362,618 1434,615 1505,612 1576,608 1647,605 1719,599"/>
                <TextEquiv>
                    <Unicode>quaz ‧ scias ‧ quod modo non facis cum bono ‧ facies autem</Unicode>
                </TextEquiv>
            </TextLine>
            <TextLine id="r2l8" custom="readingOrder {index:5;}">
                <Coords points="288,717 360,720 432,721 505,723 577,724 650,726 722,727 795,727 867,729 940,729 1012,729 1084,729 1157,727 1229,726 1302,724 1374,723 1447,720 1519,717 1592,712 1664,708 1737,702 1737,644 1664,650 1592,654 1519,659 1447,662 1374,665 1302,666 1229,668 1157,669 1084,671 1012,671 940,671 867,671 795,669 722,669 650,668 577,666 505,665 432,663 360,662 288,659"/>
                <Baseline points="288,698 360,701 432,702 505,704 577,705 650,707 722,708 795,708 867,710 940,710 1012,710 1084,710 1157,708 1229,707 1302,705 1374,704 1447,701 1519,698 1592,693 1664,689 1737,683"/>
                <TextEquiv>
                    <Unicode>postea ‧ sed cum tuo maximo malo ‧ Post hęc presul adalbertus </Unicode>
                </TextEquiv>
            </TextLine>
            <TextLine id="r2l9" custom="readingOrder {index:6;}">
                <Coords points="285,801 357,804 429,807 501,809 573,811 645,813 717,814 789,816 861,816 933,817 1005,817 1077,816 1149,816 1221,814 1293,813 1365,810 1437,808 1509,805 1581,801 1653,797 1725,792 1725,734 1653,739 1581,743 1509,747 1437,750 1365,752 1293,755 1221,756 1149,758 1077,758 1005,759 933,759 861,758 789,758 717,756 645,755 573,753 501,751 429,749 357,746 285,743"/>
                <Baseline points="285,782 357,785 429,788 501,790 573,792 645,794 717,795 789,797 861,797 933,798 1005,798 1077,797 1149,797 1221,795 1293,794 1365,791 1437,789 1509,786 1581,782 1653,778 1725,773"/>
                <TextEquiv>
                    <Unicode>ut proposuerat romam iter arripit ‧ et gentem suis preceptis ino¬</Unicode>
                </TextEquiv>
            </TextLine>
            <TextLine id="r2l10" custom="readingOrder {index:7;}">
                <Coords points="282,888 354,891 426,893 498,895 570,897 642,898 714,900 787,901 859,901 931,903 1003,902 1075,901 1147,900 1219,898 1292,897 1364,894 1436,891 1508,886 1580,882 1652,877 1725,871 1725,813 1652,819 1580,824 1508,828 1436,833 1364,836 1292,839 1219,840 1147,842 1075,843 1003,844 931,845 859,843 787,843 714,842 642,840 570,839 498,837 426,835 354,833 282,830"/>
                <Baseline points="282,869 354,872 426,874 498,876 570,878 642,879 714,881 787,882 859,882 931,884 1003,883 1075,882 1147,881 1219,879 1292,878 1364,875 1436,872 1508,867 1580,863 1652,858 1725,852"/>
                <TextEquiv>
                    <Unicode>bedientem relinquit ‧ Et quia tunc temporis dux non erat suę po¬</Unicode>
                </TextEquiv>
            </TextLine>
            <TextLine id="r2l11" custom="readingOrder {index:8;}">
                <Coords points="294,976 366,978 438,979 510,981 582,982 654,982 726,984 798,984 870,985 942,985 1014,985 1086,984 1158,984 1230,982 1302,979 1374,978 1446,973 1518,970 1590,966 1662,961 1734,955 1734,897 1662,903 1590,908 1518,912 1446,915 1374,920 1302,921 1230,924 1158,926 1086,926 1014,927 942,927 870,927 798,926 726,926 654,924 582,924 510,923 438,921 366,920 294,918"/>
                <Baseline points="294,957 366,959 438,960 510,962 582,963 654,963 726,965 798,965 870,966 942,966 1014,966 1086,965 1158,965 1230,963 1302,960 1374,959 1446,954 1518,951 1590,947 1662,942 1734,936"/>
                <TextEquiv>
                    <Unicode>testatis sed comitum ‧ comites uersi in dei odium ‧ patrum iniquorum</Unicode>
                </TextEquiv>
            </TextLine>
            <TextLine id="r2l13" custom="readingOrder {index:9;}">
                <Coords points="273,1054 345,1059 417,1062 489,1065 561,1066 633,1068 705,1069 778,1069 850,1069 922,1069 994,1068 1066,1068 1138,1066 1210,1063 1283,1061 1355,1058 1427,1054 1499,1051 1571,1047 1643,1043 1716,1039 1716,981 1643,985 1571,989 1499,993 1427,996 1355,1000 1283,1003 1210,1005 1138,1008 1066,1010 994,1010 922,1011 850,1011 778,1011 705,1011 633,1010 561,1008 489,1007 417,1004 345,1001 273,996"/>
                <Baseline points="273,1035 345,1040 417,1043 489,1046 561,1047 633,1049 705,1050 778,1050 850,1050 922,1050 994,1049 1066,1049 1138,1047 1210,1044 1283,1042 1355,1039 1427,1035 1499,1032 1571,1028 1643,1024 1716,1020"/>
                <TextEquiv>
                    <Unicode>pessimi filii ualde malum operabantur scelus et iniquum ‧ Nam</Unicode>
                </TextEquiv>
            </TextLine>
            <TextLine id="r2l14" custom="readingOrder {index:10;}">
                <Coords points="279,1143 350,1147 422,1150 494,1152 565,1153 637,1155 709,1156 780,1156 852,1156 924,1156 996,1155 1067,1153 1139,1152 1211,1150 1282,1147 1354,1146 1426,1142 1497,1140 1569,1136 1641,1134 1713,1129 1713,1071 1641,1076 1569,1078 1497,1082 1426,1084 1354,1088 1282,1089 1211,1092 1139,1094 1067,1095 996,1097 924,1098 852,1098 780,1098 709,1098 637,1097 565,1095 494,1094 422,1092 350,1089 279,1085"/>
                <Baseline points="279,1124 350,1128 422,1131 494,1133 565,1134 637,1136 709,1137 780,1137 852,1137 924,1137 996,1136 1067,1134 1139,1133 1211,1131 1282,1128 1354,1127 1426,1123 1497,1121 1569,1117 1641,1115 1713,1110"/>
                <TextEquiv>
                    <Unicode>sub quadam festiuitatę furtim irrumpunt ‧ urbem lubic in qua</Unicode>
                </TextEquiv>
            </TextLine>
            <TextLine id="r2l15" custom="readingOrder {index:11;}">
                <Coords points="279,1230 351,1233 424,1235 497,1237 570,1239 642,1240 715,1242 788,1242 861,1243 933,1243 1006,1243 1079,1242 1152,1240 1224,1239 1297,1237 1370,1234 1443,1231 1515,1227 1588,1223 1661,1218 1734,1213 1734,1155 1661,1160 1588,1165 1515,1169 1443,1173 1370,1176 1297,1179 1224,1181 1152,1182 1079,1184 1006,1185 933,1185 861,1185 788,1184 715,1184 642,1182 570,1181 497,1179 424,1177 351,1175 279,1172"/>
                <Baseline points="279,1211 351,1214 424,1216 497,1218 570,1220 642,1221 715,1223 788,1223 861,1224 933,1224 1006,1224 1079,1223 1152,1221 1224,1220 1297,1218 1370,1215 1443,1212 1515,1208 1588,1204 1661,1199 1734,1194"/>
                <TextEquiv>
                    <Unicode>fratres sancti adalberti et milites urbis uniuersi uelut oues inno¬</Unicode>
                </TextEquiv>
            </TextLine>
            <TextLine id="r2l16" custom="readingOrder {index:12;}">
                <Coords points="284,1320 354,1323 425,1326 496,1328 567,1330 638,1332 708,1332 779,1332 850,1332 921,1332 992,1330 1062,1329 1133,1327 1204,1326 1275,1323 1346,1321 1416,1318 1487,1315 1558,1312 1629,1308 1700,1305 1700,1247 1629,1250 1558,1254 1487,1257 1416,1260 1346,1263 1275,1265 1204,1268 1133,1269 1062,1271 992,1272 921,1274 850,1274 779,1274 708,1274 638,1274 567,1272 496,1270 425,1268 354,1265 284,1262"/>
                <Baseline points="284,1301 354,1304 425,1307 496,1309 567,1311 638,1313 708,1313 779,1313 850,1313 921,1313 992,1311 1043,1318 1096,1310 1146,1307 1191,1298 1253,1306 1309,1307 1355,1311 1412,1312 1452,1310 1537,1302"/>
                <TextEquiv>
                    <Unicode>centes assistebant ‧ sacris missarum sollempniis fes¬</Unicode>
                </TextEquiv>
            </TextLine>
            <TextLine id="l" custom="readingOrder {index:13;}">
                <Coords points="1643,1314 1707,1308 1704,1278 1640,1284"/>
                <Baseline points="1643,1314 1707,1308"/>
                <TextEquiv>
                    <Unicode>ta</Unicode>
                </TextEquiv>
            </TextLine>
            <TextLine id="r2l17" custom="readingOrder {index:14;}">
                <Coords points="273,1399 346,1403 419,1407 492,1409 565,1411 639,1413 712,1414 785,1414 858,1414 931,1414 1005,1414 1078,1413 1151,1411 1224,1410 1297,1407 1371,1405 1444,1402 1517,1399 1590,1396 1663,1393 1737,1390 1737,1332 1663,1335 1590,1338 1517,1341 1444,1344 1371,1347 1297,1349 1224,1352 1151,1353 1078,1355 1005,1356 931,1356 858,1356 785,1356 712,1356 639,1355 565,1353 492,1351 419,1349 346,1345 273,1341"/>
                <Baseline points="273,1380 346,1384 419,1388 492,1390 565,1392 639,1394 712,1395 785,1395 858,1395 931,1395 1005,1395 1078,1394 1151,1392 1224,1391 1297,1388 1371,1386 1444,1383 1517,1380 1590,1377 1663,1374 1737,1371"/>
                <TextEquiv>
                    <Unicode>celebrantes ‧ At illi ceu lupi inmanes urbis menia irrum¬</Unicode>
                </TextEquiv>
            </TextLine>
            <TextLine id="r2l18" custom="readingOrder {index:15;}">
                <Coords points="276,1480 347,1485 418,1488 490,1492 561,1495 633,1497 704,1498 775,1498 847,1500 918,1500 990,1498 1061,1497 1132,1496 1204,1494 1275,1491 1347,1488 1418,1486 1489,1482 1561,1479 1632,1474 1704,1470 1704,1412 1632,1416 1561,1421 1489,1424 1418,1428 1347,1430 1275,1433 1204,1436 1132,1438 1061,1439 990,1440 918,1442 847,1442 775,1440 704,1440 633,1439 561,1437 490,1434 418,1430 347,1427 276,1422"/>
                <Baseline points="276,1461 347,1466 418,1469 490,1473 561,1476 633,1478 704,1479 775,1479 847,1481 918,1481 990,1479 1061,1478 1132,1477 1204,1475 1275,1472 1347,1469 1418,1467 1489,1463 1561,1460 1632,1455 1704,1451"/>
                <TextEquiv>
                    <Unicode>pentes ‧ masculum et feminam usque ad unum interficientes ‧ iiii ‧ </Unicode>
                </TextEquiv>
            </TextLine>
            <TextLine id="r2l19" custom="readingOrder {index:16;}">
                <Coords points="272,1570 345,1574 419,1576 492,1579 566,1581 639,1582 713,1584 786,1585 860,1585 933,1585 1007,1584 1081,1584 1154,1582 1228,1580 1301,1578 1375,1574 1448,1571 1522,1567 1595,1562 1669,1557 1743,1551 1743,1493 1669,1499 1595,1504 1522,1509 1448,1513 1375,1516 1301,1520 1228,1522 1154,1524 1081,1526 1007,1526 933,1527 860,1527 786,1527 713,1526 639,1524 566,1523 492,1521 419,1518 345,1516 272,1512"/>
                <Baseline points="272,1551 345,1555 419,1557 492,1560 566,1562 639,1563 713,1565 786,1566 860,1566 933,1566 1007,1565 1081,1565 1154,1563 1228,1561 1301,1559 1375,1555 1448,1552 1522,1548 1595,1543 1669,1538 1743,1532"/>
                <TextEquiv>
                    <Unicode>fratribus sancti adalberti cum omni prole ante ipsum altare decollatis ‧ urbem</Unicode>
                </TextEquiv>
            </TextLine>
            <TextLine id="r2l20" custom="readingOrder {index:17;}">
                <Coords points="278,1659 348,1661 418,1664 488,1666 559,1668 629,1669 699,1669 769,1671 840,1671 910,1669 980,1669 1050,1668 1121,1666 1191,1665 1261,1662 1331,1659 1402,1656 1472,1653 1542,1648 1612,1644 1683,1638 1683,1581 1612,1587 1542,1591 1472,1596 1402,1599 1331,1602 1261,1605 1191,1608 1121,1609 1050,1611 980,1612 910,1612 840,1614 769,1614 699,1612 629,1612 559,1611 488,1609 418,1607 348,1604 278,1602"/>
                <Baseline points="278,1640 348,1642 418,1645 488,1647 559,1649 629,1650 699,1650 769,1652 840,1652 910,1650 980,1650 1050,1649 1121,1647 1191,1646 1261,1643 1331,1640 1402,1637 1472,1634 1542,1629 1612,1625 1683,1619"/>
                <TextEquiv>
                    <Unicode>lubic comburunt plateas sanguine perfundunt et cruentis</Unicode>
                </TextEquiv>
            </TextLine>
            <TextLine id="line_1765232958332_478" custom="readingOrder {index:18;}">
                <Coords points="284,1688 373,1692 463,1698 553,1701 642,1704 732,1706 822,1706 911,1704 1001,1703 1091,1701 1181,1697 1270,1692 1360,1687 1450,1681 1539,1674 1629,1665 1709,1657 1709,1706 1629,1714 1539,1723 1450,1730 1360,1736 1270,1741 1181,1746 1091,1750 1001,1752 911,1753 822,1755 732,1755 642,1753 553,1750 463,1747 373,1741 284,1737"/>
                <Baseline points="284,1721 373,1725 463,1731 553,1734 642,1737 732,1739 822,1739 911,1737 1001,1736 1091,1734 1181,1730 1270,1725 1360,1720 1450,1714 1539,1707 1629,1698 1709,1690"/>
                <TextEquiv>
                    <Unicode>spoliis ac crudeli praeda onerati ‧ hylares ad proprios redeunt</Unicode>
                </TextEquiv>
            </TextLine>
            <TextLine id="r2l23" custom="readingOrder {index:19;}">
                <Coords points="270,1833 343,1834 417,1836 491,1837 565,1837 638,1837 712,1839 786,1838 860,1837 933,1837 1007,1836 1081,1834 1155,1832 1228,1828 1302,1826 1376,1822 1450,1818 1523,1813 1597,1807 1671,1801 1745,1794 1745,1737 1671,1744 1597,1750 1523,1756 1450,1761 1376,1765 1302,1769 1228,1771 1155,1775 1081,1777 1007,1779 933,1780 860,1780 786,1781 712,1782 638,1780 565,1780 491,1780 417,1779 343,1777 270,1776"/>
                <Baseline points="270,1814 343,1815 417,1817 491,1818 565,1818 638,1818 712,1820 786,1819 860,1818 933,1818 1007,1817 1081,1815 1155,1813 1228,1809 1302,1807 1376,1803 1450,1799 1523,1794 1597,1788 1671,1782 1745,1775"/>
                <TextEquiv>
                    <Unicode>lares ‧ Interfecti sunt autem in urbe lubic quinque fratres sancti adaberti</Unicode>
                </TextEquiv>
            </TextLine>
            <TextLine id="r2l24" custom="readingOrder {index:20;}">
                <Coords points="273,1909 348,1914 424,1918 500,1921 575,1923 651,1924 727,1924 803,1924 878,1923 954,1921 1030,1920 1106,1917 1181,1914 1257,1910 1333,1906 1409,1902 1484,1897 1560,1892 1636,1887 1712,1882 1712,1825 1636,1830 1560,1835 1484,1840 1409,1845 1333,1849 1257,1853 1181,1857 1106,1860 1030,1863 954,1864 878,1866 803,1867 727,1867 651,1867 575,1866 500,1864 424,1861 348,1857 273,1852"/>
                <Baseline points="273,1890 348,1895 424,1899 500,1902 575,1904 651,1905 727,1905 803,1905 878,1904 954,1902 1030,1901 1106,1898 1181,1895 1257,1891 1333,1887 1409,1883 1484,1878 1560,1873 1636,1868 1712,1863"/>
                <TextEquiv>
                    <Unicode>presulis ‧ Anno dominice incarnacionis ‧DCCCC‧LXXXX‧V‧ Quorum nomina</Unicode>
                </TextEquiv>
            </TextLine>
            <TextLine id="r2l25" custom="readingOrder {index:21;}">
                <Coords points="273,1995 345,1998 417,2000 489,2002 562,2005 634,2005 706,2007 778,2007 851,2007 923,2007 995,2005 1067,2004 1140,2002 1212,1999 1284,1997 1356,1993 1429,1989 1501,1984 1573,1980 1645,1974 1718,1969 1718,1911 1645,1916 1573,1922 1501,1926 1429,1931 1356,1935 1284,1939 1212,1941 1140,1944 1067,1946 995,1947 923,1949 851,1949 778,1949 706,1949 634,1947 562,1947 489,1944 417,1942 345,1940 273,1937"/>
                <Baseline points="273,1976 345,1979 417,1981 489,1983 562,1986 634,1986 706,1988 778,1988 851,1988 923,1988 995,1986 1067,1985 1140,1983 1212,1980 1284,1978 1356,1974 1429,1970 1501,1965 1573,1961 1645,1955 1718,1950"/>
                <TextEquiv>
                    <Unicode>sunt hęc ‧ Sobebor ‧ Spitimir ‧ Pobrazlau ‧ Porey ‧ cazlau ‧ at¬</Unicode>
                </TextEquiv>
            </TextLine>
            <TextLine id="r2l26" custom="readingOrder {index:22;}">
                <Coords points="273,2080 344,2083 416,2086 488,2088 560,2091 632,2092 704,2094 775,2094 847,2094 919,2094 991,2092 1063,2091 1135,2089 1207,2086 1278,2083 1350,2079 1422,2075 1494,2071 1566,2066 1638,2060 1710,2053 1710,1995 1638,2002 1566,2008 1494,2013 1422,2017 1350,2021 1278,2025 1207,2028 1135,2031 1063,2033 991,2034 919,2036 847,2036 775,2036 704,2036 632,2034 560,2033 488,2030 416,2028 344,2025 273,2022"/>
                <Baseline points="273,2061 344,2064 416,2067 488,2069 560,2072 632,2073 704,2075 775,2075 847,2075 919,2075 991,2073 1063,2072 1135,2070 1207,2067 1278,2064 1350,2060 1422,2056 1494,2052 1566,2047 1638,2041 1710,2034"/>
                <TextEquiv>
                    <Unicode>que in ęcclesia sancti bonifacii martyris sepulti sunt ‧VI‧ idus octobris</Unicode>
                </TextEquiv>
            </TextLine>
            <TextLine id="r2l27" custom="readingOrder {index:23;}">
                <Coords points="417,2172 481,2172 546,2173 610,2173 675,2173 740,2174 804,2175 869,2175 933,2173 998,2173 1063,2172 1127,2171 1192,2169 1256,2167 1321,2164 1385,2161 1450,2158 1515,2153 1579,2147 1644,2142 1709,2134 1709,2076 1644,2084 1579,2089 1515,2095 1450,2100 1385,2103 1321,2106 1256,2109 1192,2111 1127,2113 1063,2114 998,2115 933,2115 869,2117 804,2117 740,2116 675,2115 610,2115 546,2115 481,2114 417,2114"/>
                <Baseline points="417,2153 481,2153 546,2154 610,2154 675,2154 740,2155 804,2156 869,2156 933,2154 998,2154 1063,2153 1127,2152 1192,2150 1256,2148 1321,2145 1385,2142 1450,2139 1515,2134 1579,2128 1644,2123 1709,2115"/>
                <TextEquiv>
                    <Unicode>is ita peractis dux bolezlaus inito consilio cum cleri¬</Unicode>
                </TextEquiv>
            </TextLine>
            <TextLine id="r2l28" custom="readingOrder {index:24;}">
                <Coords points="426,2260 489,2259 552,2257 615,2257 678,2257 741,2257 804,2257 868,2257 931,2257 994,2256 1057,2256 1120,2255 1183,2254 1246,2253 1310,2250 1373,2248 1436,2245 1499,2241 1562,2236 1625,2231 1689,2224 1689,2166 1625,2173 1562,2178 1499,2183 1436,2187 1373,2190 1310,2192 1246,2195 1183,2196 1120,2197 1057,2198 994,2198 931,2199 868,2199 804,2199 741,2199 678,2199 615,2199 552,2199 489,2201 426,2202"/>
                <Baseline points="426,2241 489,2240 552,2238 615,2238 678,2238 741,2238 804,2238 868,2238 931,2238 994,2237 1057,2237 1120,2236 1183,2235 1246,2234 1310,2231 1373,2229 1436,2226 1499,2222 1562,2217 1625,2212 1689,2205"/>
                <TextEquiv>
                    <Unicode>cis ‧ magontinum presulem his sollicitat uerbis ‧ Aut</Unicode>
                </TextEquiv>
            </TextLine>
            <TextLine id="r2l29" custom="readingOrder {index:25;}">
                <Coords points="411,2340 476,2341 542,2341 607,2343 673,2343 738,2343 804,2344 869,2344 935,2343 1000,2343 1066,2342 1131,2341 1197,2340 1262,2338 1328,2335 1393,2332 1459,2329 1524,2325 1590,2322 1655,2315 1721,2310 1721,2252 1655,2257 1590,2264 1524,2267 1459,2271 1393,2274 1328,2277 1262,2280 1197,2282 1131,2283 1066,2284 1000,2285 935,2285 869,2286 804,2286 738,2285 673,2285 607,2285 542,2283 476,2283 411,2282"/>
                <Baseline points="411,2321 476,2322 542,2322 607,2324 673,2324 738,2324 804,2325 869,2325 935,2324 1000,2324 1066,2323 1131,2322 1197,2321 1262,2319 1328,2316 1393,2313 1459,2310 1524,2306 1590,2303 1655,2296 1721,2291"/>
                <TextEquiv>
                    <Unicode>nostrum pastorem adalbertum ad nos reuoces quod magis</Unicode>
                </TextEquiv>
            </TextLine>
            <TextLine id="r2l30" custom="readingOrder {index:26;}">
                <Coords points="264,2421 335,2424 407,2427 479,2428 551,2430 623,2431 695,2431 766,2431 838,2431 910,2430 982,2428 1054,2427 1126,2425 1198,2422 1269,2420 1341,2418 1413,2414 1485,2410 1557,2407 1629,2403 1701,2400 1701,2342 1629,2345 1557,2349 1485,2352 1413,2356 1341,2360 1269,2362 1198,2364 1126,2367 1054,2369 982,2370 910,2372 838,2373 766,2373 695,2373 623,2373 551,2372 479,2370 407,2369 335,2366 264,2363"/>
                <Baseline points="264,2402 335,2405 407,2408 479,2409 551,2411 623,2412 695,2412 766,2412 838,2412 910,2411 982,2409 1054,2408 1126,2406 1198,2403 1269,2401 1341,2399 1413,2395 1485,2391 1557,2388 1629,2384 1701,2381"/>
                <TextEquiv>
                    <Unicode>uolumus ‧ aut alium nobis in loco sui ordines ‧ quod inuiti</Unicode>
                </TextEquiv>
            </TextLine>
            <TextLine id="r2l31" custom="readingOrder {index:27;}">
                <Coords points="233,2502 308,2507 384,2511 459,2514 535,2516 610,2518 686,2518 761,2520 837,2518 912,2518 988,2517 1063,2515 1139,2512 1214,2509 1290,2505 1365,2502 1441,2497 1516,2492 1592,2487 1667,2481 1743,2475 1743,2417 1667,2423 1592,2429 1516,2434 1441,2439 1365,2444 1290,2447 1214,2451 1139,2454 1063,2457 988,2459 912,2460 837,2460 761,2462 686,2460 610,2460 535,2458 459,2456 384,2453 308,2449 233,2444"/>
                <Baseline points="233,2483 308,2488 384,2492 459,2495 535,2497 610,2499 686,2499 761,2501 837,2499 912,2499 988,2498 1063,2496 1139,2493 1214,2490 1290,2486 1365,2483 1441,2478 1516,2473 1592,2468 1667,2462 1743,2456"/>
                <TextEquiv>
                    <Unicode>poscimus ‧ Nam Christi ouilia ‧ adhuc in hac gente fidei noui¬</Unicode>
                </TextEquiv>
            </TextLine>
            <TextEquiv>
                <Unicode>nores fugio ‧ pompas seculi despicio ‧ indignum me iudico
episcopali fastigio ‧ nec tantum pondus pastoralis curę ferre
sufficio ‧ Monachus sum ‧ mortuus sum ‧ mortuos sepelire non
possum ‧ Ad hęc presul adalbertus respondit ‧ Scias frater ztrah¬
quaz ‧ scias ‧ quod modo non facis cum bono ‧ facies autem
postea ‧ sed cum tuo maximo malo ‧ Post hęc presul adalbertus 
ut proposuerat romam iter arripit ‧ et gentem suis preceptis ino¬
bedientem relinquit ‧ Et quia tunc temporis dux non erat suę po¬
testatis sed comitum ‧ comites uersi in dei odium ‧ patrum iniquorum
pessimi filii ualde malum operabantur scelus et iniquum ‧ Nam
sub quadam festiuitatę furtim irrumpunt ‧ urbem lubic in qua
fratres sancti adalberti et milites urbis uniuersi uelut oues inno¬
centes assistebant ‧ sacris missarum sollempniis fes¬
ta
celebrantes ‧ At illi ceu lupi inmanes urbis menia irrum¬
pentes ‧ masculum et feminam usque ad unum interficientes ‧ iiii ‧ 
fratribus sancti adalberti cum omni prole ante ipsum altare decollatis ‧ urbem
lubic comburunt plateas sanguine perfundunt et cruentis
spoliis ac crudeli praeda onerati ‧ hylares ad proprios redeunt
lares ‧ Interfecti sunt autem in urbe lubic quinque fratres sancti adaberti
presulis ‧ Anno dominice incarnacionis ‧DCCCC‧LXXXX‧V‧ Quorum nomina
sunt hęc ‧ Sobebor ‧ Spitimir ‧ Pobrazlau ‧ Porey ‧ cazlau ‧ at¬
que in ęcclesia sancti bonifacii martyris sepulti sunt ‧VI‧ idus octobris
is ita peractis dux bolezlaus inito consilio cum cleri¬
cis ‧ magontinum presulem his sollicitat uerbis ‧ Aut
nostrum pastorem adalbertum ad nos reuoces quod magis
uolumus ‧ aut alium nobis in loco sui ordines ‧ quod inuiti
poscimus ‧ Nam Christi ouilia ‧ adhuc in hac gente fidei noui¬</Unicode>
            </TextEquiv>
        </TextRegion>
    </Page>
</PcGts>
