2172 3006
431 232 1907 314 stagnum et structuram lignorum ad piscandum ‧ centum denariis
446 318 1913 401 comparatam eidem abbati et suis successoribus pro remedio animę suę in
440 404 1859 488 perpetuum possidenda contradidit ‧ Tam igitur felici processu iam
450 485 1880 569 factus abbas ‧ non se super se extulit ‧ sed firmiori uirtutum solidi¬
450 567 1937 658 tate fundatus ‧ humilitatis quoque ac karitatis constanti excellen¬
438 650 1913 742 cia stabilitus ‧ tam hylaris et affectione beniuolencię continens
450 733 1910 824 extitit ‧ ut a subiectis sibi plus amori haberetur quam timo¬
441 819 1886 916 ri ‧ quibus tam publice quam singillatim salutaria ministra¬
432 907 1898 1004 re monita multaque exemplis priscorum dogmata pigmen¬
438 996 1907 1090 ta non desistebat ‧ In tempore siquidem suo omnium rerum opulen¬
438 1084 1901 1178 cia non defuit ‧ qui tamen exercicio laboris manuum suarum sus¬
441 1168 1883 1261 tentabatur ‧ et pauperem inopiam refocillabat ‧ atque in tristicia
423 1246 1889 1345 positorum curam subportans ‧ cunctorum eos uti prudens me¬
435 1330 1865 1429 dicus infirmos antidoto paterno et solacio recreabat ‧ Qui
423 1415 1901 1522 dum tam beatam uitam et illustrem duxit ‧ uirtutum signis in tem¬
426 1504 1889 1603 plo dei ceu sol usque adconsumacionem uitę refussit quin in¬
429 1588 1910 1685 mo sancti pneumatis instinctu prophecię misterio claruit presagus
420 1674 1857 1766 futurorum ‧ Ante biduum siquidem ‧ suę terminacionem resolucionis
420 1762 1877 1849 reuelante diuinitatis gracia presciuit ‧ qui accersito bone quali¬
417 1853 1901 1933 tatis nepote uito ‧ et filio suo pie indolis emmerammo ‧ seria¬
411 1931 1878 2016 tim exposuit eis futura ‧ sicuti et postea rei comprobauit suc¬
411 2014 1907 2107 cessus ‧ singultuose tali uerbi nobilitate inquiens ‧ Karissimi me¬
419 2102 1902 2192 i filioli quos utpote gallina pullos educaui perpendite ‧ quia
408 2181 554 2249 tempus
753 2198 1896 2273 mee resolucionis adest ‧ Tercia certissime di¬
405 2278 444 2342 e
789 2285 1866 2358 domino annuente de huius carnis tabernaculo
716 2365 1920 2440 migrabo ‧ uos commendans deo ‧ sed uestre circumspec¬
405 2454 1877 2530 cioni innotesco ‧ quia post discessum meum fluctiuagorum de¬
