2182 3027
1006 260 1701 334 oriuoy autem genuit duos
1023 352 1734 428 filios zpitigneum et wratiz¬
938 433 1617 515 laum ex ea quę fuit filia
909 502 1790 605 zlauiboris comitis de castello psow
914 595 1751 691 nomine Ludmilla ‧ Quo feliciter uniuer¬
926 680 1764 784 se carnis uiam ingresso ‧ successit pa¬
926 761 1763 869 ternum in principatum zpitigneus ‧
939 854 1742 958 Post cuius obitum obtinuit wratiz¬
939 941 1745 1046 laus ducatum ‧ qui accepit uxorem
930 1030 1805 1129 nomine dragomir durissima de gen¬
933 1120 1766 1225 te luticensi et ipsam saxis duriorem
927 1201 1769 1306 ad credendum ex prouincia nomine sto¬
918 1288 1805 1394 dor ‧ Hęc pereperit binos natos wen¬
303 1382 1773 1480 cezlaum ‧ deo et hominibus acceptabilem ‧ et bolezlaum fraterna ce¬
299 1469 1772 1568 de execrabilem ‧ Qualiter autem gracia dei semper preueniente ‧ et ubique
300 1550 1757 1655 subsequente dux boriuoy adeptus sit sacramentum baptis¬
303 1639 1754 1741 mi ‧ aut quomodo per eius successores his in partibus de die in diem sancta
303 1723 1754 1829 processerit religio catholicę fidei uel qui dux quas aut quot primi¬
303 1805 1776 1915 tus ęcclesias credulus erexit ad laudem dei maluimus pretermittere
309 1892 1770 2003 quam fastidium legentibus ingerere ‧ quia iam ab aliis scripta legimus ‧
318 1982 1749 2086 quedam in priuilegio morauiensis ecclesię quedam in epilogo eiusdem
309 2068 1770 2177 terrę atque boemie quedam in uita uel passione sanctissimi nostri patro¬
324 2144 1797 2257 ni ‧ et martyris Christi wencezlai ‧ Nam et esce execrantur quę sepius
321 2237 1773 2344 sumuntur ‧ Inter hos autem annos quos infra subnotamus ‧
312 2316 1782 2422 facta sunt hęc quę supra prelibauimus ‧ Non scire potuimus qui¬
321 2393 1817 2513 bus annis sint gesta siue temporibus ‧ Anno dominice incarnacionis ‧
312 2507 1473 2596 DCCCXC‧V‧ Anno dominice incarnacionis ‧DCCCXCVI‧
