2182 3057
231 250 1665 343 torio est nouale unum in longitudine ‧XII‧ passuum ‧ quod mirum
237 335 1677 428 in modum cum sit inter tot agros in medio positum ‧ ad nullum
243 413 1698 515 tantum pertinet agrum ‧ Ibi dux uester duobus uariis bobus arat u¬
243 494 1737 599 nus bos precinctus est albedine ‧ et albo capite ‧ alter a fronte post tergum
243 587 1689 683 albus ‧ et pedes posteriores habens albos ‧ Nunc si uobis pla¬
252 677 1718 768 cet meum accipite thalitharium ‧ et clamidem ac mutatoria du¬
249 756 1728 855 ce digna et pergite ‧ ac mandata populi atque mea referte uiro ‧
242 847 1689 944 et adducite uobis ducem ‧ et michi maritum ‧ Viro nomen est primizl ‧
233 930 1695 1031 qui super colla et capita uestra uira excogitabit plura ‧ Nam
215 1018 1704 1118 hoc nomen latine sonat premeditans ‧ uel super excogitans ‧
242 1111 1692 1202 Huius proles postera ‧ hac in omni terra in eternum regnabit et ultra ‧
443 1199 1707 1291 destinantur qui uissa dominę et plebis ad uirum perserant
257 1289 1737 1379 nuncii ‧ quos ut uidit domna quasi inscios de uia cunctari ‧
254 1372 1730 1463 Quid inquit cunctamini ? Ite securi ‧ meum equum sequimini ‧ ip¬
254 1459 1727 1549 se uos deducet recta uia ‧ et reducet ‧ quia ab illo non semel illa
251 1543 1689 1634 uia est trita ‧ Vana uolat fama ‧ nec non opinio falsa ‧ quod ipsa
264 1621 1727 1721 domna equitatu fantasmatico semper in noctis conticinio so¬
264 1706 1745 1807 lita sit ire illo ‧ et redire pre gallicinio ‧ quod iudeus credat apel¬
273 1798 1748 1894 la ‧ Quid tum ? Procedunt nuncii sapienter indocti ‧ uadunt scien¬
261 1885 1748 1979 ter nescii ‧ uestigia sequentes equi ‧ Iamque montes transierant ‧
272 1975 1760 2069 iam iamque appropinquabant uillę ‧ ad quam ibant ‧ Tunc illis pu¬
266 2065 1716 2150 er unus obuiam currit ‧ interrogantes aiunt ad illum ‧ Heus
276 2156 1698 2239 bone indolis puer ‧ estne uilla ista nomine ztadici ? aut
264 2236 1743 2326 si est in illa uir nomine primizl ? Ipsam est inquit quam queritis uilla
267 2318 1764 2411 et ecce uir primizl prope in agro boues stimulat ut quod
276 2403 1740 2503 agit cicius opus peragat ‧ Ad quem nuncii accedentes inqui¬
278 2466 1895 2586 unt ‧ Vir fortunate ‧ dux diis generate ‧ Et sicut mos est rusti¬
