2182 3007
282 243 1761 356 eciam magni domini se inclinant ‧ ex euentu rei urbem quam edificabi¬
267 328 1785 436 tis uocabitis pragam ‧ Hac in urbe olim in futurum ‧ bine auree
272 444 1185 527 ascendent oliuę ‧ quę cacumine suo
1393 424 1784 483 usque ad septimum
272 537 1085 614 penetrabunt cęlum et per totum mun¬
1435 519 1725 571 dum signis et
287 620 1125 700 miraculis coruscabunt ‧ Has in hos¬
1412 604 1761 663 tiis et muneribus
287 674 1740 790 colent et adorabunt omnes tribus terrę boemie et naciones relique ‧
288 762 1737 871 Vna ex his maior gloria altera exercitus consolacio ‧ Plura locutu¬
284 843 1749 956 ra erat ‧ si non fugisset spiritus pestilens et prophetans a plasmate dei ‧
274 925 1752 1043 Continuo igitur in antiquam siluam ‧ et reperto signo dato in predicto
284 1017 1769 1127 loco urbem tocius boemię domnam edificant pragam ‧ Et que ea tempes¬
294 1104 1784 1216 tate uirgines huius terrę sine iugo pubescentes ueluti amazones
291 1188 1761 1299 militaria arma affectantes ‧ et sibi ductrices facientes pari
294 1278 1746 1381 modo uti tyrones militabant uenacionibus per silluas uiri¬
290 1356 1809 1470 liter insistebant ‧ Non eas uiri sed ipsemet sibi uiros quos et quando
296 1448 1788 1556 uolerunt accipiebant ‧ et sicut gens scitica plauci ‧ siue picenati¬
291 1528 1793 1642 ci ‧ uir et femina in habitu nullum discrimen habebant ‧ Vnde in tan¬
296 1609 1763 1724 tum feminea excreuit audacia ut in quadam rupe non longe apud dic¬
291 1703 1767 1808 ta urbe oppidum natura loci firmum sibi construerent ‧ cui a uirgi¬
291 1783 1751 1895 nali uocabulo inditum est nomine dewin ‧ Quod uidentes iuuenes ‧
300 1875 1760 1982 contra eas nimio zelo indignantes ‧ multo plures insimul con¬
293 1969 1772 2069 globati non longius quam unius bucinę in altera rupe ‧ inter arbusta
312 2051 1779 2151 edificant urbem quam moderni nuncupant wissegard ‧ tunc autem ab
309 2130 1791 2236 arbustis traxerat nomen wrasten ‧ Et quia sepe uirgines sollerciores
273 2215 1779 2324 ad decipiendos iuuenes fiebant ‧ sepe autem iuuenes uirginibus for¬
303 2303 1778 2412 ciores existebant ‧ modo bellum modo pax inter eos agebatur ‧
297 2386 1751 2489 Et dum interposita pace pociuntur ‧ placuit utrisque partibus ‧ ut
300 2474 1748 2580 componerent et cibis et potibus symbolum et per tres dies ‧ sine armis
