2218 3030
513 251 1998 351 cis ‧ non sufficit semel dixisse ‧ sed inflata bucca ingeminant ‧ Sal¬
510 332 1973 436 ue dux salue dux ‧ magna dignissime laude ‧ Solue boues
513 416 1967 517 muta uestes ‧ ascende caballum ‧ Domna nostra lubossa et plebs uniuer¬
507 498 2006 600 sa mandat ut cito uenias ‧ et tibi ac tuis nepotibus fatale regnum
507 579 1958 685 accipias ‧ Omnia nostra et nos ipsi in tua manu sumus ‧ te ducem ‧ te
510 659 1976 772 iudicem ‧ te rectorem ‧ te protectorem ‧ te solum nobis in dominum eligimus ‧
497 752 1973 855 Ad quam uocem uir prudens primizl quasi futurorum inscius substitit ‧
503 833 2009 945 et stimulum quem manu gestabat in terram fixit ‧ et soluens boues ‧
506 921 1967 1030 ite illuc unde uenistis dixit ‧ Qui statim cicius dicto ‧ ab oculis e¬
500 1011 2021 1120 uanuerunt ‧ et amplius nusquam comparuerunt ‧ Corilus autem quam hu¬
488 1098 1979 1212 mi fixit tres altas propagines ‧ et quod est mirabilius cum foliis et nuci¬
491 1181 1961 1305 bus produxit ‧ Viri autem illi uidentes hęc talia ita fieri ‧ stabant
494 1272 1970 1390 obstupefacti ‧ Quos ille grata uice hospitum inuitat ad prandi¬
482 1362 1985 1473 um ‧ et de pera subure contexta excutit muscidum panem ‧ et for¬
479 1445 1979 1564 matici partem ‧ et ipsam peram in cespite pro mensa ‧ et super rude textum
122 1535 1943 1645 ponit et cetera ‧ Interea dum aquam de amphora bibunt ‧ due pro¬
476 1622 1952 1732 pagines siue uirgulta duo aruerunt et ceciderunt ‧ sed tercia multo
470 1707 1961 1816 altius et lacius accerscebat ‧ Vnde hospitibus maior excreuit ‧ ammira¬
482 1794 1959 1899 cio cum timore ‧ Et ille quid ammiramini inquid ? Scia¬
476 1879 1907 1984 tis ex nostra progenię multos dominos nasci ‧ sed unum semper
476 1957 1913 2071 dominari ‧ At qui si domna uestra non adeo de hac festinaret
477 2043 1907 2158 sed modicum tempus currencia fata expectaret ‧ ut pro me tam
480 2136 1919 2244 cito non mitteret ‧ quot natos heriles natura proferret ‧
470 2219 1206 2307 tot dominos terra uestra haberet ‧
