<?xml version="1.0" encoding="UTF-8" standalone="yes"?>
<PcGts xmlns="http://schema.primaresearch.org/PAGE/gts/pagecontent/2013-07-15" xmlns:xsi="http://www.w3.org/2001/XMLSchema-instance" xsi:schemaLocation="http://schema.primaresearch.org/PAGE/gts/pagecontent/2013-07-15 http://schema.primaresearch.org/PAGE/gts/pagecontent/2013-07-15/pagecontent.xsd">
    <Metadata>
        <Creator>prov=University of Rostock/Institute of Mathematics/CITlab|PLANET AI GmbH/Tobias Gruening/tobias.gruening@planet-ai.de:name=/net_tf/LA73_249_0mod360.pb:de.uros.citlab.segmentation.CITlab_LA_ML:v=2.6.6
Transkribus</Creator>
        <Created>2020-02-24T17:14:00.590+01:00</Created>
        <LastChange>2025-12-10T13:41:50.718+01:00</LastChange>
        <TranskribusMetadata docId="11421212" pageId="104474600" pageNr="33" tsid="264808074" status="GT" userId="194844" imgUrl="https://files.transkribus.eu/Get?fileType=view&amp;id=ZOZALHCZCXZSKHKXGFZPOAWL" xmlUrl="https://files.transkribus.eu/Get?id=EDWDGNXKGHBTONRDEKQUOQOO" imageId="9149534"/>
    </Metadata>
    <Page imageFilename="06 - A3a - ÖNB 508-0033.jpg" imageWidth="2182" imageHeight="3027">
        <ReadingOrder>
            <OrderedGroup id="ro_1765450712110" caption="Regions reading order">
                <RegionRefIndexed index="0" regionRef="r1"/>
            </OrderedGroup>
        </ReadingOrder>
        <TextRegion orientation="0.0" id="r1" custom="readingOrder {index:0;}">
            <Coords points="276,264 276,2616 1788,2616 1788,264"/>
            <TextLine id="r1l1" custom="readingOrder {index:0;}">
                <Coords points="291,367 363,367 435,366 508,366 580,364 653,363 725,363 798,361 870,360 943,358 1015,357 1087,354 1160,352 1232,350 1305,347 1377,343 1450,340 1522,336 1595,331 1667,328 1740,322 1740,264 1667,270 1595,273 1522,278 1450,282 1377,285 1305,289 1232,292 1160,294 1087,296 1015,299 943,300 870,302 798,303 725,305 653,305 580,306 508,308 435,308 363,309 291,309"/>
                <Baseline points="291,348 363,348 435,347 508,347 580,345 653,344 725,344 798,342 870,341 943,339 1015,338 1087,335 1160,333 1232,331 1305,328 1377,324 1450,321 1522,317 1595,312 1667,309 1740,303"/>
                <TextEquiv>
                    <Unicode>loco concionaretur ad milites tyro ‧ Si fas inquit esset duci urbis ad¬</Unicode>
                </TextEquiv>
            </TextLine>
            <TextLine id="r1l2" custom="readingOrder {index:1;}">
                <Coords points="291,448 363,450 436,450 509,451 582,451 655,451 728,450 800,448 873,447 946,445 1019,443 1092,439 1165,437 1238,433 1310,430 1383,426 1456,421 1529,418 1602,413 1675,408 1748,403 1748,345 1675,350 1602,355 1529,360 1456,363 1383,368 1310,372 1238,375 1165,379 1092,381 1019,385 946,387 873,389 800,390 728,392 655,393 582,393 509,393 436,392 363,392 291,390"/>
                <Baseline points="291,429 363,431 436,431 509,432 582,432 655,432 728,431 800,429 873,428 946,426 1019,424 1092,420 1165,418 1238,414 1310,411 1383,407 1456,402 1529,399 1602,394 1675,389 1748,384"/>
                <TextEquiv>
                    <Unicode>dere uirtutem militibus ‧ multiplicibus uos tenerem sermone amba¬</Unicode>
                </TextEquiv>
            </TextLine>
            <TextLine id="r1l3" custom="readingOrder {index:2;}">
                <Coords points="294,534 365,535 436,537 507,537 579,537 650,537 721,537 792,535 864,534 935,531 1006,529 1077,526 1149,523 1220,520 1291,516 1362,512 1434,508 1505,505 1576,501 1647,497 1719,493 1719,435 1647,439 1576,443 1505,447 1434,450 1362,454 1291,458 1220,462 1149,465 1077,468 1006,471 935,473 864,476 792,477 721,479 650,479 579,479 507,479 436,479 365,477 294,476"/>
                <Baseline points="294,515 365,516 436,518 507,518 579,518 650,518 721,518 792,516 864,515 935,512 1006,510 1077,507 1149,504 1220,501 1291,497 1362,493 1434,489 1505,486 1576,482 1647,478 1719,474"/>
                <TextEquiv>
                    <Unicode>gibus ‧ Sed quia hostis ad oculum stat ‧ et breue tempus ad exortandum ex¬</Unicode>
                </TextEquiv>
            </TextLine>
            <TextLine id="r1l4" custom="readingOrder {index:3;}">
                <Coords points="291,621 361,621 432,621 503,621 574,619 645,618 715,617 786,615 857,613 928,610 999,608 1069,606 1140,603 1211,600 1282,595 1353,592 1423,589 1494,585 1565,580 1636,576 1707,571 1707,513 1636,518 1565,522 1494,527 1423,531 1353,534 1282,537 1211,542 1140,545 1069,548 999,550 928,552 857,555 786,557 715,559 645,560 574,561 503,563 432,563 361,563 291,563"/>
                <Baseline points="291,602 361,602 432,602 503,602 574,600 645,599 715,598 786,596 857,594 928,591 999,589 1069,587 1140,584 1211,581 1282,576 1353,573 1423,570 1494,566 1565,561 1636,557 1707,552"/>
                <TextEquiv>
                    <Unicode>tat ‧ fas michi sit uos uel paucis succendere dictis ‧ Omnibus in bello</Unicode>
                </TextEquiv>
            </TextLine>
            <TextLine id="r1l5" custom="readingOrder {index:4;}">
                <Coords points="294,712 365,714 436,714 507,714 578,714 650,713 721,712 792,711 863,709 934,708 1006,705 1077,702 1148,699 1219,696 1290,692 1362,688 1433,684 1504,679 1575,674 1646,668 1718,663 1718,605 1646,610 1575,616 1504,621 1433,626 1362,630 1290,634 1219,638 1148,641 1077,644 1006,647 934,650 863,651 792,653 721,654 650,655 578,656 507,656 436,656 365,656 294,654"/>
                <Baseline points="294,693 365,695 436,695 507,695 578,695 650,694 721,693 792,692 863,690 934,689 1006,686 1077,683 1148,680 1219,677 1290,673 1362,669 1433,665 1504,660 1575,655 1646,649 1718,644"/>
                <TextEquiv>
                    <Unicode>dimicandi par est deuocio ‧ sed impar uincendi condicio ‧ Illi</Unicode>
                </TextEquiv>
            </TextLine>
            <TextLine id="r1l6" custom="readingOrder {index:5;}">
                <Coords points="276,798 349,801 422,802 495,803 568,804 642,802 715,802 788,800 861,798 934,796 1008,792 1081,789 1154,785 1227,781 1300,778 1374,774 1447,769 1520,766 1593,762 1666,759 1740,756 1740,698 1666,701 1593,704 1520,708 1447,711 1374,716 1300,720 1227,723 1154,727 1081,731 1008,734 934,738 861,740 788,742 715,744 642,744 568,746 495,745 422,744 349,743 276,740"/>
                <Baseline points="276,779 349,782 422,783 495,784 568,785 642,783 715,783 788,781 861,779 934,777 1008,773 1081,770 1154,766 1227,762 1300,759 1374,755 1447,750 1520,747 1593,743 1666,740 1740,737"/>
                <TextEquiv>
                    <Unicode>paucorum pugnant pro gloria ‧ nos pro patria dimicamus ‧ et populi atque</Unicode>
                </TextEquiv>
            </TextLine>
            <TextLine id="r1l7" custom="readingOrder {index:6;}">
                <Coords points="285,885 357,886 429,888 501,889 573,889 645,888 717,888 789,886 861,885 933,882 1005,879 1077,876 1149,873 1221,869 1293,864 1365,860 1437,856 1509,852 1581,847 1653,843 1725,837 1725,779 1653,785 1581,789 1509,794 1437,798 1365,802 1293,806 1221,811 1149,815 1077,818 1005,821 933,824 861,827 789,828 717,830 645,830 573,831 501,831 429,830 357,828 285,827"/>
                <Baseline points="285,866 357,867 429,869 501,870 573,870 645,869 717,869 789,867 861,866 933,863 1005,860 1077,857 1149,854 1221,850 1293,845 1365,841 1437,837 1509,833 1581,828 1653,824 1725,818"/>
                <TextEquiv>
                    <Unicode>nostra libertate et salute ultima ‧ illi ut rapiant aliena ‧ nos ut</Unicode>
                </TextEquiv>
            </TextLine>
            <TextLine id="r1l8" custom="readingOrder {index:7;}">
                <Coords points="288,973 360,975 432,976 505,976 577,976 650,976 722,975 794,974 867,972 939,970 1012,967 1084,963 1156,960 1229,955 1301,952 1374,947 1446,942 1518,937 1591,932 1663,927 1736,921 1736,863 1663,869 1591,874 1518,879 1446,884 1374,889 1301,894 1229,897 1156,902 1084,905 1012,909 939,912 867,914 794,916 722,917 650,918 577,918 505,918 432,918 360,917 288,915"/>
                <Baseline points="288,954 360,956 432,957 505,957 577,957 650,957 722,956 794,955 867,953 939,951 1012,948 1084,944 1156,941 1229,936 1301,933 1374,928 1446,923 1518,918 1591,913 1663,908 1736,902"/>
                <TextEquiv>
                    <Unicode>defendamus dulcia pignora et cara conubia ‧ Confortamini</Unicode>
                </TextEquiv>
            </TextLine>
            <TextLine id="r1l9" custom="readingOrder {index:8;}">
                <Coords points="285,1057 358,1059 432,1060 505,1062 579,1062 652,1060 726,1060 799,1059 873,1056 946,1053 1020,1050 1093,1047 1167,1044 1240,1039 1314,1036 1387,1031 1461,1026 1534,1021 1608,1017 1681,1011 1755,1006 1755,948 1681,953 1608,959 1534,963 1461,968 1387,973 1314,978 1240,981 1167,986 1093,989 1020,992 946,995 873,998 799,1001 726,1002 652,1002 579,1004 505,1004 432,1002 358,1001 285,999"/>
                <Baseline points="285,1038 358,1040 432,1041 505,1043 579,1043 652,1041 726,1041 799,1040 873,1037 946,1034 1020,1031 1093,1028 1167,1025 1240,1020 1314,1017 1387,1012 1461,1007 1534,1002 1608,998 1681,992 1755,987"/>
                <TextEquiv>
                    <Unicode>et estote uiri ‧ Nam deos uestros quos actenus habuistis offensos</Unicode>
                </TextEquiv>
            </TextLine>
            <TextLine id="r1l10" custom="readingOrder {index:9;}">
                <Coords points="288,1134 358,1136 429,1138 499,1138 570,1138 641,1138 711,1138 782,1137 853,1134 923,1132 994,1130 1065,1126 1135,1123 1206,1119 1277,1114 1347,1111 1418,1105 1489,1100 1559,1095 1630,1089 1701,1084 1701,1054 1630,1059 1559,1065 1489,1070 1418,1075 1347,1081 1277,1084 1206,1089 1135,1093 1065,1096 994,1100 923,1102 853,1104 782,1107 711,1108 641,1108 570,1108 499,1108 429,1108 358,1106 288,1104"/>
                <Baseline points="288,1124 358,1126 429,1128 499,1128 570,1128 641,1128 711,1128 782,1127 853,1124 923,1122 994,1120 1065,1116 1135,1113 1206,1109 1277,1104 1347,1101 1418,1095 1489,1090 1559,1085 1630,1079 1701,1074"/>
                <TextEquiv>
                    <Unicode>placastis uotis quibus placari uoluerunt ‧ Ergo timorem eorum</Unicode>
                </TextEquiv>
            </TextLine>
            <TextLine id="r1l12" custom="readingOrder {index:10;} add {offset:34; length:5;}">
                <Coords points="288,1233 361,1234 434,1236 508,1236 581,1236 654,1236 728,1234 801,1234 874,1233 948,1231 1021,1228 1094,1225 1168,1222 1241,1219 1314,1215 1388,1210 1461,1205 1534,1200 1608,1194 1681,1187 1755,1179 1755,1121 1681,1129 1608,1136 1534,1142 1461,1147 1388,1152 1314,1157 1241,1161 1168,1164 990,1171 1019,1135 897,1138 923,1170 807,1154 728,1176 654,1178 581,1178 508,1178 434,1178 361,1176 288,1175"/>
                <Baseline points="288,1214 361,1215 434,1217 508,1217 581,1217 654,1217 728,1215 801,1215 955,1214 921,1162 989,1161 964,1214 1168,1203 1241,1200 1314,1196 1388,1191 1461,1186 1534,1181 1608,1175 1681,1168 1755,1160"/>
                <TextEquiv>
                    <Unicode>ne timueritis ‧ quibus in praelio timor officit animo ‧ maximo uersantur in peri¬</Unicode>
                </TextEquiv>
            </TextLine>
            <TextLine id="r1l13" custom="readingOrder {index:11;}">
                <Coords points="288,1323 360,1323 432,1324 505,1324 577,1324 650,1323 722,1321 795,1320 867,1318 940,1317 1012,1314 1084,1310 1157,1307 1229,1303 1302,1299 1374,1294 1447,1290 1519,1284 1592,1278 1664,1273 1737,1266 1737,1208 1664,1215 1592,1220 1519,1226 1447,1232 1374,1236 1302,1241 1229,1245 1157,1249 1084,1252 1012,1256 940,1259 867,1260 795,1262 722,1263 650,1265 577,1266 505,1266 432,1266 360,1265 288,1265"/>
                <Baseline points="288,1304 360,1304 432,1305 505,1305 577,1305 650,1304 722,1302 795,1301 867,1299 940,1298 1012,1295 1084,1291 1157,1288 1229,1284 1302,1280 1374,1275 1447,1271 1519,1265 1592,1259 1664,1254 1737,1247"/>
                <TextEquiv>
                    <Unicode>culo ‧ audacia autem habetur pro muro ‧ aduacibus et ipsi dii auxili¬</Unicode>
                </TextEquiv>
            </TextLine>
            <TextLine id="r1l14" custom="readingOrder {index:12;}">
                <Coords points="300,1402 372,1405 444,1405 516,1407 589,1408 661,1407 733,1407 805,1406 878,1405 950,1402 1022,1400 1094,1397 1167,1393 1239,1390 1311,1386 1383,1381 1456,1375 1528,1371 1600,1365 1672,1359 1745,1351 1745,1293 1672,1301 1600,1307 1528,1313 1456,1317 1383,1323 1311,1328 1239,1332 1167,1335 1094,1339 1022,1342 950,1344 878,1347 805,1348 733,1349 661,1349 589,1350 516,1349 444,1347 372,1347 300,1344"/>
                <Baseline points="300,1383 372,1386 444,1386 516,1388 589,1389 661,1388 733,1388 805,1387 878,1386 950,1383 1022,1381 1094,1378 1167,1374 1239,1371 1311,1367 1383,1362 1456,1356 1528,1352 1600,1346 1672,1340 1745,1332"/>
                <TextEquiv>
                    <Unicode>antur ‧ Credite michi ultra illa castra ‧ uestra salus posita est et gloria ‧ At si</Unicode>
                </TextEquiv>
            </TextLine>
            <TextLine id="r1l15" custom="readingOrder {index:13;}">
                <Coords points="291,1488 363,1490 435,1491 507,1492 579,1492 651,1492 723,1492 795,1492 867,1490 939,1488 1011,1486 1083,1483 1155,1480 1227,1477 1299,1473 1371,1468 1443,1464 1515,1458 1587,1453 1659,1447 1731,1441 1731,1383 1659,1389 1587,1395 1515,1400 1443,1406 1371,1410 1299,1415 1227,1419 1155,1422 1083,1425 1011,1428 939,1430 867,1432 795,1434 723,1434 651,1434 579,1434 507,1434 435,1433 363,1432 291,1430"/>
                <Baseline points="291,1469 363,1471 435,1472 507,1473 579,1473 651,1473 723,1473 795,1473 867,1471 939,1469 1011,1467 1083,1464 1155,1461 1227,1458 1299,1454 1371,1449 1443,1445 1515,1439 1587,1434 1659,1428 1731,1422"/>
                <TextEquiv>
                    <Unicode>terga hostibus uertitis ‧ mortem tamen non effugitis ‧ sed utinam mortem</Unicode>
                </TextEquiv>
            </TextLine>
            <TextLine id="r1l16" custom="readingOrder {index:14;}">
                <Coords points="288,1573 360,1575 433,1575 506,1576 579,1576 651,1576 724,1576 797,1575 870,1573 942,1572 1015,1570 1088,1567 1161,1564 1233,1561 1306,1557 1379,1553 1452,1546 1524,1540 1597,1534 1670,1527 1743,1519 1743,1461 1670,1469 1597,1476 1524,1482 1452,1488 1379,1495 1306,1499 1233,1503 1161,1506 1088,1509 1015,1512 942,1514 870,1515 797,1517 724,1518 651,1518 579,1518 506,1518 433,1517 360,1517 288,1515"/>
                <Baseline points="288,1554 360,1556 433,1556 506,1557 579,1557 651,1557 724,1557 797,1556 870,1554 942,1553 1015,1551 1088,1548 1161,1545 1233,1542 1306,1538 1379,1534 1452,1527 1524,1521 1597,1515 1670,1508 1743,1500"/>
                <TextEquiv>
                    <Unicode>uerum peius morte agetur ‧ coniuges uestras in conspectu uestro uiolabunt</Unicode>
                </TextEquiv>
            </TextLine>
            <TextLine id="r1l17" custom="readingOrder {index:15;}">
                <Coords points="288,1660 360,1662 432,1663 504,1665 577,1665 649,1665 721,1665 794,1663 866,1662 938,1660 1011,1659 1083,1655 1155,1652 1227,1648 1300,1642 1372,1638 1444,1632 1517,1626 1589,1618 1661,1611 1734,1603 1734,1545 1661,1553 1589,1560 1517,1568 1444,1574 1372,1580 1300,1584 1227,1590 1155,1594 1083,1597 1011,1601 938,1602 866,1604 794,1605 721,1607 649,1607 577,1607 504,1607 432,1605 360,1604 288,1602"/>
                <Baseline points="288,1641 360,1643 432,1644 504,1646 577,1646 649,1646 721,1646 794,1644 866,1643 938,1641 1011,1640 1083,1636 1155,1633 1227,1629 1300,1623 1372,1619 1444,1613 1517,1607 1589,1599 1661,1592 1734,1584"/>
                <TextEquiv>
                    <Unicode>et in sinu earum infantes ferro trucidabunt ‧ et ad lactandum eis ca¬</Unicode>
                </TextEquiv>
            </TextLine>
            <TextLine id="r1l18" custom="readingOrder {index:16;}">
                <Coords points="303,1752 373,1750 443,1750 514,1750 584,1750 654,1750 725,1749 795,1749 865,1748 936,1747 1006,1745 1076,1743 1147,1740 1217,1737 1287,1732 1358,1727 1428,1722 1498,1715 1569,1706 1639,1696 1710,1684 1710,1626 1639,1638 1569,1648 1498,1657 1428,1664 1358,1669 1287,1674 1217,1679 1147,1682 1076,1685 1006,1687 936,1689 865,1690 795,1691 725,1691 654,1692 584,1692 514,1692 443,1692 373,1692 303,1694"/>
                <Baseline points="303,1733 373,1731 443,1731 514,1731 584,1731 654,1731 725,1730 795,1730 865,1729 936,1728 1006,1726 1076,1724 1147,1721 1217,1718 1287,1713 1358,1708 1428,1703 1498,1696 1569,1687 1639,1677 1710,1665"/>
                <TextEquiv>
                    <Unicode>tulos dabunt ‧ quia uictis una est uirtus ‧ uictoribus nil denegare ‧</Unicode>
                </TextEquiv>
            </TextLine>
            <TextLine id="r1l19" custom="readingOrder {index:17;}">
                <Coords points="303,1839 375,1839 448,1839 520,1839 593,1839 666,1839 738,1839 811,1837 883,1836 956,1834 1029,1833 1101,1830 1174,1827 1246,1822 1319,1818 1392,1812 1464,1807 1537,1799 1609,1791 1682,1782 1755,1771 1755,1713 1682,1724 1609,1733 1537,1741 1464,1749 1392,1754 1319,1760 1246,1764 1174,1769 1101,1772 1029,1775 956,1776 883,1778 811,1779 738,1781 666,1781 593,1781 520,1781 448,1781 375,1781 303,1781"/>
                <Baseline points="303,1820 375,1820 448,1820 520,1820 593,1820 666,1820 738,1820 811,1818 883,1817 956,1815 1029,1814 1101,1811 1174,1808 1246,1803 1319,1799 1392,1793 1464,1788 1537,1780 1609,1772 1682,1763 1755,1752"/>
                <TextEquiv>
                    <Unicode>Interea dux lucensis ferocissimus mente ‧ cum superbissima gente ‧</Unicode>
                </TextEquiv>
            </TextLine>
            <TextLine id="r1l20" custom="readingOrder {index:18;}">
                <Coords points="291,1920 363,1923 436,1924 509,1926 582,1926 655,1926 728,1926 800,1925 873,1923 946,1921 1019,1918 1092,1916 1165,1912 1238,1908 1310,1903 1383,1897 1456,1891 1529,1884 1602,1876 1675,1867 1748,1858 1748,1800 1675,1809 1602,1818 1529,1826 1456,1833 1383,1839 1310,1845 1238,1850 1165,1854 1092,1858 1019,1860 946,1863 873,1865 800,1867 728,1868 655,1868 582,1868 509,1868 436,1866 363,1865 291,1862"/>
                <Baseline points="291,1901 363,1904 436,1905 509,1907 582,1907 655,1907 728,1907 800,1906 873,1904 946,1902 1019,1899 1092,1897 1165,1893 1238,1889 1310,1884 1383,1878 1456,1872 1529,1865 1602,1857 1675,1848 1748,1839"/>
                <TextEquiv>
                    <Unicode>quibus et hodie a malo innatum est superbire ‧ ueniens ex aduer¬</Unicode>
                </TextEquiv>
            </TextLine>
            <TextLine id="r1l21" custom="readingOrder {index:19;}">
                <Coords points="296,2010 368,2011 440,2013 512,2014 584,2014 656,2014 728,2014 801,2013 873,2011 945,2008 1017,2005 1089,2002 1161,1998 1233,1995 1306,1989 1378,1984 1450,1979 1522,1972 1594,1968 1666,1961 1739,1953 1739,1895 1666,1903 1594,1910 1522,1914 1450,1921 1378,1926 1306,1931 1233,1937 1161,1940 1089,1944 1017,1947 945,1950 873,1953 801,1955 728,1956 656,1956 584,1956 512,1956 440,1955 368,1953 296,1952"/>
                <Baseline points="296,1991 368,1992 440,1994 512,1995 584,1995 656,1995 728,1995 801,1994 873,1992 945,1989 1017,1986 1089,1983 1161,1979 1233,1976 1306,1970 1378,1965 1450,1960 1522,1953 1594,1949 1666,1942 1739,1934"/>
                <TextEquiv>
                    <Unicode>so ‧ ut uidit hostes non cedere loco ‧ iubet suos paulisper stare ili¬</Unicode>
                </TextEquiv>
            </TextLine>
            <TextLine id="r1l22" custom="readingOrder {index:20;}">
                <Coords points="300,2095 372,2097 444,2098 517,2100 589,2100 662,2100 734,2098 807,2097 879,2095 952,2093 1024,2090 1096,2086 1169,2083 1241,2080 1314,2076 1386,2071 1459,2067 1531,2062 1604,2057 1676,2051 1749,2047 1749,1989 1676,1993 1604,1999 1531,2004 1459,2009 1386,2013 1314,2018 1241,2022 1169,2025 1096,2028 1024,2032 952,2035 879,2037 807,2039 734,2040 662,2042 589,2042 517,2042 444,2040 372,2039 300,2037"/>
                <Baseline points="300,2076 372,2078 444,2079 517,2081 589,2081 662,2081 734,2079 807,2078 879,2076 952,2074 1024,2071 1096,2067 1169,2064 1241,2061 1314,2057 1386,2052 1459,2048 1531,2043 1604,2038 1676,2032 1749,2028"/>
                <TextEquiv>
                    <Unicode>co ‧ et quasi condolens super fata inimicorum ‧ his dictis acuit animos</Unicode>
                </TextEquiv>
            </TextLine>
            <TextLine id="r1l23" custom="readingOrder {index:21;}">
                <Coords points="300,2184 372,2185 444,2187 516,2187 588,2187 660,2185 732,2185 805,2184 877,2181 949,2178 1021,2175 1093,2173 1165,2169 1237,2165 1310,2161 1382,2157 1454,2153 1526,2148 1598,2144 1670,2139 1743,2136 1743,2078 1670,2081 1598,2086 1526,2090 1454,2095 1382,2099 1310,2103 1237,2107 1165,2111 1093,2115 1021,2117 949,2120 877,2123 805,2126 732,2127 660,2127 588,2129 516,2129 444,2129 372,2127 300,2126"/>
                <Baseline points="300,2165 372,2166 444,2168 516,2168 588,2168 660,2166 732,2166 805,2165 877,2162 949,2159 1021,2156 1093,2154 1165,2150 1237,2146 1310,2142 1382,2138 1454,2134 1526,2129 1598,2125 1670,2120 1743,2117"/>
                <TextEquiv>
                    <Unicode>suorum ‧ O miserabiles timidorum hominum manes ‧ frustra pen¬</Unicode>
                </TextEquiv>
            </TextLine>
            <TextLine id="r1l24" custom="readingOrder {index:22;}">
                <Coords points="297,2274 369,2272 441,2272 513,2272 586,2271 658,2269 730,2269 803,2267 875,2266 947,2263 1020,2262 1092,2259 1164,2256 1236,2253 1309,2249 1381,2245 1453,2241 1526,2236 1598,2232 1670,2226 1743,2220 1743,2162 1670,2168 1598,2174 1526,2178 1453,2183 1381,2187 1309,2191 1236,2195 1164,2198 1092,2201 1020,2204 947,2205 875,2208 803,2209 730,2211 658,2211 586,2213 513,2214 441,2214 369,2214 297,2216"/>
                <Baseline points="297,2255 369,2253 441,2253 513,2253 586,2252 658,2250 730,2250 803,2248 875,2247 947,2244 1020,2243 1092,2240 1164,2237 1236,2234 1309,2230 1381,2226 1453,2222 1526,2217 1598,2213 1670,2207 1743,2201"/>
                <TextEquiv>
                    <Unicode>dunt colles ‧ quibus desunt uires et bellicę artes ‧ nec iuuat collis</Unicode>
                </TextEquiv>
            </TextLine>
            <TextLine id="r1l25" custom="readingOrder {index:23;}">
                <Coords points="291,2355 363,2355 435,2356 508,2356 580,2355 653,2355 725,2353 797,2352 870,2350 942,2349 1015,2346 1087,2344 1159,2341 1232,2337 1304,2333 1377,2329 1449,2324 1521,2319 1594,2314 1666,2307 1739,2301 1739,2243 1666,2249 1594,2256 1521,2261 1449,2266 1377,2271 1304,2275 1232,2279 1159,2283 1087,2286 1015,2288 942,2291 870,2292 797,2294 725,2295 653,2297 580,2297 508,2298 435,2298 363,2297 291,2297"/>
                <Baseline points="291,2336 363,2336 435,2337 508,2337 580,2336 653,2336 725,2334 797,2333 870,2331 942,2330 1015,2327 1087,2325 1159,2322 1232,2318 1304,2314 1377,2310 1449,2305 1521,2300 1594,2295 1666,2288 1739,2282"/>
                <TextEquiv>
                    <Unicode>si est uirtus debilis ‧ Cernitis quia in planis non audent uobis oc¬</Unicode>
                </TextEquiv>
            </TextLine>
            <TextLine id="r1l26" custom="readingOrder {index:24;}">
                <Coords points="303,2439 376,2440 450,2442 523,2442 597,2443 670,2443 744,2442 817,2440 891,2439 964,2436 1038,2434 1111,2431 1185,2427 1258,2422 1332,2419 1405,2415 1479,2409 1552,2403 1626,2397 1699,2391 1773,2385 1773,2327 1699,2333 1626,2339 1552,2345 1479,2351 1405,2357 1332,2361 1258,2364 1185,2369 1111,2373 1038,2376 964,2378 891,2381 817,2382 744,2384 670,2385 597,2385 523,2384 450,2384 376,2382 303,2381"/>
                <Baseline points="303,2420 376,2421 450,2423 523,2423 597,2424 670,2424 744,2423 817,2421 891,2420 964,2417 1038,2415 1111,2412 1185,2408 1258,2403 1332,2400 1405,2396 1479,2390 1552,2384 1626,2378 1699,2372 1773,2366"/>
                <TextEquiv>
                    <Unicode>curre campis ‧ nimirum si non fallor iam fugere parant ‧ sed uos</Unicode>
                </TextEquiv>
            </TextLine>
            <TextLine id="r1l27" custom="readingOrder {index:25;}">
                <Coords points="300,2521 373,2524 447,2527 520,2529 594,2529 668,2529 741,2529 815,2527 889,2526 962,2523 1036,2520 1110,2517 1183,2512 1257,2508 1331,2503 1404,2498 1478,2493 1552,2487 1625,2482 1699,2476 1773,2470 1773,2412 1699,2418 1625,2424 1552,2429 1478,2435 1404,2440 1331,2445 1257,2450 1183,2454 1110,2459 1036,2462 962,2465 889,2468 815,2469 741,2471 668,2471 594,2471 520,2471 447,2469 373,2466 300,2463"/>
                <Baseline points="300,2502 373,2505 447,2508 520,2510 594,2510 668,2510 741,2510 815,2508 889,2507 962,2504 1036,2501 1110,2498 1183,2493 1257,2489 1331,2484 1404,2479 1478,2474 1552,2468 1625,2463 1699,2457 1773,2451"/>
                <TextEquiv>
                    <Unicode>priusquam fugiant irruite super eos impetu repentino ‧ et sub pe¬</Unicode>
                </TextEquiv>
            </TextLine>
            <TextLine id="r1l28" custom="readingOrder {index:26;}">
                <Coords points="297,2608 371,2611 446,2613 520,2614 595,2616 669,2616 744,2614 818,2613 893,2611 967,2610 1042,2607 1117,2603 1191,2600 1266,2595 1340,2590 1415,2584 1489,2578 1564,2572 1638,2566 1713,2559 1788,2551 1788,2493 1713,2501 1638,2508 1564,2514 1489,2520 1415,2526 1340,2532 1266,2537 1191,2542 1117,2545 1042,2549 967,2552 893,2553 818,2555 744,2556 669,2558 595,2558 520,2556 446,2555 371,2553 297,2550"/>
                <Baseline points="297,2589 371,2592 446,2594 520,2595 595,2597 669,2597 744,2595 818,2594 893,2592 967,2591 1042,2588 1117,2584 1191,2581 1266,2576 1340,2571 1415,2565 1489,2559 1564,2553 1638,2547 1713,2540 1788,2532"/>
                <TextEquiv>
                    <Unicode>dibus uestris ceu friuola stipularum ut conterantur ‧ facite more solito ‧</Unicode>
                </TextEquiv>
            </TextLine>
        </TextRegion>
    </Page>
</PcGts>
