2157 2995
267 192 1736 289 opes bellica instrumenta · et dulcia armorum studia · Nam plus
261 280 1713 374 diligebat ferri rigorem · quam fulgorem · In cuius oculis ne¬
267 367 1698 461 mo utilis displicuit · numquam inutilis placuit · suis mitis ·
272 452 1713 542 hostibus terribilis fuit · Habuit autem hic glorissimus dux bolez¬
261 534 1701 627 laus · hemmam sibi in matrimonio uinctam quę genere fuit
273 619 1734 707 ceteris nobilior · sed quod magis laudandum est nobilitate morum m¬
272 708 1691 791 ulto prestantior · Ex qua duos filios suscepit · elegantissi¬
267 794 1718 876 me indolis · scilicet wencezlaum et bolezlaum · sed wencezlaus · ab ineunte e¬
270 879 1713 957 tate · hanc fragilem uitam mutauit eternitatę · Bolezlaus autem post
266 963 1736 1045 discessum patris · sedis suscepit gubernacula · principalis · ut
264 1050 932 1136 in sequentibus declarabitur ‧
365 1142 1737 1224 actum est autem cum appropinquarent dies supra memorati
389 1227 1754 1310 ducis bolezlai · quo iam eternam commutaret morte uitam ·
384 1314 1731 1394 uocat equiuocum suum et superstitem natu et astante conui¬
278 1389 1763 1479 ge hemma · et multa procerum turma · iam interrumpente sin¬
275 1476 1713 1569 gultu uerba · prout potuit his dulcem affatur filium dictis · Si
273 1560 1748 1654 fas esset matri sui uteri infanti · ut lactis ubera · sic sapien¬
278 1652 1718 1746 cię dare munera · non natura sed homo creatus dominaretur in crea¬
287 1739 1713 1836 tura · At tamen non nulla deus sua concessit hominibus dona ·
281 1828 1722 1928 sicut noe · ysaac · tobie · atque mathathie · ita dumtaxat · ut
272 1921 1752 2014 quos illi benedixerunt · benedixit illis et deus · et quos preordi¬
278 2009 1715 2101 nauerunt · ad bone conuersationis uitam · contulit et illis deus perse¬
272 2101 1743 2189 uerantiam · Sic et hodie fili mi si non assit sancti spiritus clementia ·
275 2185 1748 2281 parum prodest meorum uerborum iactantia · Ducem te inquit deus consti¬
281 2280 1724 2376 tui · noli extolli · sed esto quasi unus ex eis · id est si te ceteris subli¬
272 2364 1730 2469 miorem sentias · mortalem te cognoscas · nec dignitatis gloriam
281 2456 1730 2558 qua in seculo sublimaris aspicias · sed quod opus tecum ad inferos
