2195 3006
483 216 1971 297 pius · soluat tua crimina Christus · atque cadens iterum prebet sua terga uicis¬
482 297 1964 376 sim · Nec doluit frater dum fratrem uerberat alter · sed miserere mei deus · aut be¬
476 377 1940 468 nedicite cantat · Nam suffert leuiter · patitur quod quisque libenter ·
473 462 1958 549 Horum deus ex alto prospectans pacienciam · et uitę innocenciam · atque fi¬
476 542 1949 631 dei et operis perseueranciam · cum iam laborum ipsorum mercedem reddere
473 621 1940 718 uellet · et ut per uiam mirabilem eos ad patriam reduceret exultabilem ·
483 706 1946 802 dux mesco audiens bonam famam eorum et conuersacionem sanctam · uenit
477 788 1937 885 cum paucis · ut se commendaret hominibus sanctis · Et ut eorum cogno¬
477 867 1916 970 uit inopiam · dat eis magnam census copiam · scilicet marsupium
473 953 1922 1057 centum marcis plenum · Et accipiens ab eis fraternitatem et oracionum com¬
476 1037 1913 1145 munitatem · letus abiit ad suam aulam · multum rogans et commen¬
464 1127 1943 1229 dans se ut sui habeant memoriam · At illi nesciunt quid faci¬
459 1209 1922 1311 ant de pecunia · quia tale quid numquam habuerant · Stant stupe¬
459 1289 1940 1395 facti et qui iam per dimidium annum nichil locuti fuerant adin¬
468 1368 1904 1480 cem · unus ex illis aperuit os suum et ait · Laqueus est mortis argenti
471 1450 1895 1573 pondus et auri · Et quibus semper habundat mordax crumena ·
459 1538 1937 1654 his non facile patebunt loca elysii amena · sed horroris plena
453 1636 1943 1738 infernalis pena illos cruciabit in ethna · Nimirum hęc est temp¬
453 1721 1937 1823 tacio humani generis inimici · ut nos faciat inimicos Christi ·
446 1810 1951 1910 Nam qui amicus est mundi · inimicus constituitur dei · Deo namque
452 1895 1922 1994 contradicunt · qui eius mandata non custodiunt · Nam deus dixit · Nemo
452 1978 1910 2075 potest duobus dominis seruire · et quasi exponens adiunxit · Non po¬
449 2060 1916 2161 testis deo seruire et mammone · Iam mammone erimus serui · qui
446 2144 1901 2243 actenus fuimus parsimonie liberi · An non ad motum aure por¬
441 2235 1895 2334 tans aurum pauebit · An non cantabit uacuus coram latrone
430 2337 838 2380 uiator · Nonne
422 2324 1907 2416 multociens ad nos latrones ueniunt ·
420 2411 1892 2500 et ob quam rem nos interficerent · non inuenientes · aliquando pla¬
