2157 2995
279 199 1730 281 repudiatum tumido fastu exarsit in episcopatum · Et quia fa¬
285 286 1724 370 cilem est uolentem cogere · protinus hunc ydiotam et sicophantam
273 368 1749 454 populus nequam · in episcopalem · leuat cathedram · Sic enim sic deus promit¬
291 456 1749 538 tit per sui prouindentiam prauorum hominum inualescere protenci¬
285 540 1758 619 am · sicut in hac regulari electione · ludicra preualere cereris ge¬
294 618 1731 700 neri · Nam fuit hic Ztrahquaz ueste compositus · mente tu¬
279 704 1710 788 midus · actibus dissipatus · oculis uagus · uerbis uanus · mo¬
282 790 1736 877 ribus ypocrita · et tocius mandrita erroris · atque in omnibus operibus
282 883 774 958 malis iniquorum arc¬
1004 874 1727 958 higeronta · Plura referre pu¬
293 964 1727 1046 det de Ztrahquaz presule pseudo · sufficiunt pro multis pauca ·
285 1053 1743 1134 Ventum erat magontine sedis ad archipresulem · ubi peractis omni¬
282 1139 1764 1222 bus quę agenda erant per ordinem · sicut fieri solet post exami¬
290 1220 1725 1310 nacionem episcopalem choro letaniam modulante · dum procum¬
290 1306 1734 1394 bit super tapecia archipresul infulatus ante altare · et post eum
294 1400 1274 1481 inter duos suffraganeos qui ordinandus
1527 1390 1730 1472 erat ztra¬
290 1487 1220 1564 hquaz dum prosternitur in medio · heu di¬
1491 1475 1728 1557 ra condicio ·
291 1558 1733 1647 arripitur atroci demonio · et quod seruus dei adalbertus olim sibi
285 1643 1733 1732 predixerat clanculo · palam fit coram clero · et omni populo · Hactenus
285 1732 1736 1819 hęc inseruisse sufficiat · Anno dominice incarnationis ‧DCCCC·LXXXX‧
291 1816 1724 1906 VI· Sanctus adalbertus episcopus boemorum sedis de praga ciuitate a pru¬
293 1906 1752 1988 zis glorioso martirio ·VIIII· kalendis · mai · coronatur · cui theadagus suc¬
285 1999 1763 2072 cessit · Eo anno fuit pascha ·VII· kalendis · mai · Anno dominice incarnacionis ·
287 2086 1727 2161 DCCCC·LXXXX·VII· sepe memoratus dux bolezlaus uidens pra¬
288 2168 1719 2246 gensem ęcclesiam suo pastore uiduatam · dirigit legatos suos
282 2256 1724 2329 ad imperatorem tercium ottonem · rogans ut boemiensi ęcclesię spon¬
294 2335 1722 2415 sum meritis dignum daret · ne grex Christo nouiter mancipatus ·
285 2414 1710 2506 redeat ad pristinos uanitatis ritus · et ad in quos actus ·
