2157 2995
251 189 1703 289 locuturus erat · sed extrema hora dirigueret principis ora · et
243 270 1736 370 cicius dicto obdormiuit in domino · atque magnus super eum factus est plan¬
245 386 1299 460 tus · Dies autem sui obitus est ·VII· idus februarii ·
318 441 1676 548 nno dominice incarnationis ·DCCCC·LXXXX·VIIII· Eodem anno sanctus
315 580 375 610 Ga¬
275 529 1698 631 udentius archiepiscopus qui et Radim · frater sancti adalberti ordi¬
245 668 362 703 natus
255 613 1671 715 est ad titulum Gnezdensis ęcclesię · Hic glorissimus dux bo¬
264 700 1700 797 lezlaus secundus uere et hodie haud plangendus · cuius memoria
251 782 1701 884 in benedictione est · in quantum ampliando dilantauerit ferro sui
819 869 1695 971 terminos ducatus · apostolica testatur auc¬
810 950 1731 1049 toritas · in priuilegio eiusdem pragensis episcopatus ·
819 1041 1707 1133 Post cuius obitum filius eius tercius bolezlaus
806 1123 1704 1225 ut supra retulimus successit in ducantum
813 1207 1725 1310 sed non eisdem rerum successibus nec paternis
804 1297 1712 1393 auspiciis terminos acquisitos obtinu¬
810 1394 1701 1482 it · Nam dux poloniensis mesco · quo
813 1472 1707 1567 non fuit alter dolosior homo · mox ur¬
813 1554 1706 1660 bem kracou abstulit dolo · omnibus quos
824 1633 1736 1744 ibi inuenit boemiis extinctis gladi¬
813 1727 1712 1824 o · Fuerunt autem duci bolezlao ex conui¬
818 1803 1938 1906 ge nobili duo fratres fecunde matris
822 1899 1721 1994 gloria nati · sciliter ŏdalricus et iaromir · Sed
267 1985 1739 2083 Iaromir iuuenis patris est nutritus in aula · ŏdalricus autem
260 2108 1047 2175 a puericia traditis erat imperato¬
1151 2077 1742 2145 ris henrici in curiam · quo
273 2166 1748 2247 addisceret morem · et eorum astuciam · ac
1162 2182 1742 2223 theotonicam linguam · Post
273 2257 1731 2331 hec transacto non longo tempore supradictus uterque dux mesco et bo¬
279 2337 1725 2419 lezlaus · in condicto loco conueniunt ad colloquium et data fide ac
282 2403 1757 2507 iuramento · firmata inter se pace · dux mesco inuitat bolez¬
