2160 3006
420 206 1893 290 millesimo primo · dux mescom poloniensis obtinuit ciui¬
432 290 1895 374 tatem pragam · sed wissehrad urbs duci suo fidelis mansit in¬
423 380 1871 455 perterrita · et inexpugnabilis · Isdem uero diebus idem dux mesco ·
440 462 1427 537 mittit legatos ad imperatorem dans ei et
1560 463 1865 539 promittens
428 550 1890 624 infinitam pecuniam · quo filius ducis bo¬
1547 562 1888 610 lezlai nomine ŏ¬
432 630 1908 706 dalricus qui erat eius in obsequio catenatus mitteretur in custo¬
425 715 1914 794 diam · O inuictissima fames auri · Vbi est potentissimum ius
432 797 1895 877 romani imperii ? Ecce possessor auri pressus ponderibus auri · du¬
425 877 1883 959 cis obtemperat iussis · et fit tortor ac cerceris mancipator · auro
425 961 1895 1045 corruptus imperator · Nec mirum si ille paruit duci · cum nostris tem¬
425 1043 1887 1130 poribus wacek sub mola rusticana natus · tercium henricum regem po¬
426 1135 1892 1217 tentissimum · o dignum scelus catena aurea ut molossum traxit
423 1220 1913 1300 in boemiam · et quod iubet famulorum famulus · paret dominorum dominis ·
422 1301 1868 1382 atque boriwoy ducem iusti tenacem · uirum ueracem · usque ad genua
423 1387 1904 1466 compeditum rex mittit in custodiam ceu iniquum hominem · et men¬
429 1480 1724 1550 dacem · Sed hec in suo loco plenius exarabuntur stilo ·
456 1561 1883 1634 actum est autem anno dominice incarnacionis · mille·II· Iam Christo boemos re¬
449 1651 1889 1720 spiciente et sancto wencezlao suis auxiliante · incertum est nobis
453 1738 1944 1810 utrum clam fuga elapsus · an iussu imperatoris dimissus · dux
414 1826 1905 1891 ŏdalricus rediens in patriam · intrat munitissimum castrum
419 1910 1865 1979 drewic · unde militem mittit sibi fidelem · et ammonet quo in¬
410 2002 1889 2068 trans urbem pragam per noctem · clangore bucine perterrefaciat in¬
416 2084 1884 2154 cautum hostem · Mox fidelis cliens iussa facit · et ascendens
413 2162 1898 2243 noctu in media urbe eminenciorem locum qui dicitur ziscis tuba
411 2228 2043 2330 intonat · et clara uocę clamans ingeminat dicens · Fugiunt
408 2335 1875 2413 poloni confusi turpiter · Irruite irruite armati boemi acriter ·
414 2422 1956 2507 Ad quam uocem irruit super eos formido et pauor · quod erat mira
