<?xml version="1.0" encoding="UTF-8" standalone="yes"?>
<PcGts xmlns="http://schema.primaresearch.org/PAGE/gts/pagecontent/2013-07-15" xmlns:xsi="http://www.w3.org/2001/XMLSchema-instance" xsi:schemaLocation="http://schema.primaresearch.org/PAGE/gts/pagecontent/2013-07-15 http://schema.primaresearch.org/PAGE/gts/pagecontent/2013-07-15/pagecontent.xsd">
    <Metadata>
        <Creator>prov=University of Rostock/Institute of Mathematics/CITlab|PLANET AI GmbH/Tobias Gruening/tobias.gruening@planet-ai.de:name=/net_tf/LA73_249_0mod360.pb:de.uros.citlab.segmentation.CITlab_LA_ML:v=2.6.6
Transkribus</Creator>
        <Created>2020-02-24T17:14:00.402+01:00</Created>
        <LastChange>2025-12-09T00:49:56.126+01:00</LastChange>
        <TranskribusMetadata docId="11421212" pageId="104474598" pageNr="30" tsid="264384306" status="GT" userId="194844" imgUrl="https://files.transkribus.eu/Get?fileType=view&amp;id=FWMPFPZVJQUFQNMSZSXAJPPE" xmlUrl="https://files.transkribus.eu/Get?id=TXNMYUIZSRZIAURUKPOOFCVH" imageId="9149531"/>
    </Metadata>
    <Page imageFilename="06 - A3a - ÖNB 508-0030.jpg" imageWidth="2168" imageHeight="3006">
        <ReadingOrder>
            <OrderedGroup id="ro_1765450711494" caption="Regions reading order">
                <RegionRefIndexed index="0" regionRef="r3"/>
            </OrderedGroup>
        </ReadingOrder>
        <TextRegion orientation="0.0" id="r3" custom="readingOrder {index:0;}">
            <Coords points="393,261 393,2578 1911,2578 1911,261"/>
            <TextLine id="r3l1" custom="readingOrder {index:0;}">
                <Coords points="407,324 480,321 554,319 628,318 702,318 776,318 850,319 923,321 997,322 1071,324 1145,326 1219,327 1293,330 1367,331 1440,331 1514,331 1588,331 1662,331 1736,330 1810,327 1884,322 1884,265 1810,270 1736,273 1662,274 1588,274 1514,274 1440,274 1367,274 1293,273 1219,270 1145,269 1071,267 997,265 923,264 850,262 776,261 702,261 628,261 554,262 480,264 407,267"/>
                <Baseline points="407,305 480,302 554,300 628,299 702,299 776,299 850,300 923,302 997,303 1071,305 1145,307 1219,308 1293,311 1367,312 1440,312 1514,312 1588,312 1662,312 1736,311 1810,308 1884,303"/>
                <TextEquiv>
                    <Unicode>picibus preualuerat terramque eorum sepe ingressus cedibus incediis ac</Unicode>
                </TextEquiv>
            </TextLine>
            <TextLine id="r3l2" custom="readingOrder {index:1;}">
                <Coords points="419,400 491,398 563,397 635,396 707,396 779,397 851,398 923,400 995,402 1067,403 1139,405 1211,408 1283,409 1355,411 1427,412 1499,414 1571,414 1643,414 1715,412 1787,411 1860,408 1860,351 1787,354 1715,355 1643,357 1571,357 1499,357 1427,355 1355,354 1283,352 1211,351 1139,348 1067,346 995,345 923,343 851,341 779,340 707,339 635,339 563,340 491,341 419,343"/>
                <Baseline points="419,381 491,379 563,378 635,377 707,377 779,378 851,379 923,381 995,383 1067,384 1139,386 1211,389 1283,390 1355,392 1427,393 1499,395 1571,395 1643,395 1715,393 1787,392 1860,389"/>
                <TextEquiv>
                    <Unicode>rapinis crudeliter deuastarat et ipsos populi primates in tantum</Unicode>
                </TextEquiv>
            </TextLine>
            <TextLine id="r3l3" custom="readingOrder {index:2;}">
                <Coords points="408,491 480,488 553,485 626,484 699,482 771,484 844,485 917,486 990,488 1062,490 1135,493 1208,495 1281,498 1353,500 1426,502 1499,503 1572,503 1644,503 1717,502 1790,499 1863,496 1863,435 1790,438 1717,441 1644,442 1572,442 1499,442 1426,441 1353,439 1281,437 1208,434 1135,432 1062,429 990,427 917,425 844,424 771,423 699,421 626,423 553,424 480,427 408,430"/>
                <Baseline points="408,471 480,468 553,465 626,464 699,462 771,464 844,465 917,466 990,468 1062,470 1135,473 1208,475 1281,478 1353,480 1426,482 1499,483 1572,483 1644,483 1717,482 1790,479 1863,476"/>
                <TextEquiv>
                    <Unicode>presidiis attenuauerat ut paruo clausi in oppido quod dicitur</Unicode>
                </TextEquiv>
            </TextLine>
            <TextLine id="r3l4" custom="readingOrder {index:3;}">
                <Coords points="393,580 466,576 540,574 613,572 687,571 761,571 834,571 908,572 982,574 1055,577 1129,580 1203,581 1276,584 1350,586 1424,588 1497,589 1571,590 1645,590 1718,590 1792,589 1866,587 1866,526 1792,528 1718,529 1645,529 1571,529 1497,528 1424,527 1350,525 1276,523 1203,520 1129,519 1055,516 982,513 908,511 834,510 761,510 687,510 613,511 540,513 466,515 393,519"/>
                <Baseline points="393,560 466,556 540,554 613,552 687,551 761,551 834,551 908,552 982,554 1055,557 1129,560 1203,561 1276,564 1350,566 1424,568 1497,569 1571,570 1645,570 1718,570 1792,569 1866,567"/>
                <TextEquiv>
                    <Unicode>leuigradec hostium incursiones timerent opido ‧ Hic condidit</Unicode>
                </TextEquiv>
            </TextLine>
            <TextLine id="r3l5" custom="readingOrder {index:4;}">
                <Coords points="423,655 495,653 568,653 641,653 714,655 786,656 859,658 932,660 1005,663 1077,665 1150,668 1223,671 1296,673 1368,675 1441,677 1514,679 1587,679 1659,679 1732,678 1805,676 1878,673 1878,613 1805,616 1732,618 1659,619 1587,619 1514,619 1441,617 1368,615 1296,613 1223,611 1150,608 1077,605 1005,603 932,600 859,598 786,596 714,595 641,593 568,593 495,593 423,595"/>
                <Baseline points="423,635 495,633 568,633 641,633 714,635 786,636 859,638 932,640 1005,643 1077,645 1150,648 1223,651 1296,653 1368,655 1441,657 1514,659 1587,659 1659,659 1732,658 1805,656 1878,653"/>
                <TextEquiv>
                    <Unicode>urbem quam appelauit nomine suo wlatizlau ‧ inter duos mon¬</Unicode>
                </TextEquiv>
            </TextLine>
            <TextLine id="r3l6" custom="readingOrder {index:5;}">
                <Coords points="419,739 492,736 566,734 639,734 713,736 786,737 860,740 933,743 1007,746 1080,751 1154,754 1228,758 1301,761 1375,764 1448,767 1522,768 1595,769 1669,769 1742,766 1816,764 1890,758 1890,698 1816,704 1742,706 1669,709 1595,709 1522,708 1448,707 1375,704 1301,701 1228,698 1154,694 1080,691 1007,686 933,683 860,680 786,677 713,676 639,674 566,674 492,676 419,679"/>
                <Baseline points="419,719 492,716 566,714 639,714 713,716 786,717 860,720 933,723 1007,726 1080,731 1154,734 1228,738 1301,741 1375,744 1448,747 1522,748 1595,749 1669,749 1742,746 1816,744 1890,738"/>
                <TextEquiv>
                    <Unicode>tes meduez ‧ Pripec ‧ scilicet in confinio duarum prouinciarum belina</Unicode>
                </TextEquiv>
            </TextLine>
            <TextLine id="r3l7" custom="readingOrder {index:6;}">
                <Coords points="419,823 493,821 568,821 642,821 717,823 792,826 866,829 941,832 1015,835 1090,839 1165,842 1239,845 1314,848 1388,851 1463,853 1538,854 1612,854 1687,854 1761,853 1836,849 1911,844 1911,783 1836,788 1761,792 1687,793 1612,793 1538,793 1463,792 1388,790 1314,787 1239,784 1165,781 1090,778 1015,774 941,771 866,768 792,765 717,762 642,760 568,760 493,760 419,762"/>
                <Baseline points="419,803 493,801 568,801 642,801 717,803 792,806 866,809 941,812 1015,815 1090,819 1165,822 1239,825 1314,828 1388,831 1463,833 1538,834 1612,834 1687,834 1761,833 1836,829 1911,824"/>
                <TextEquiv>
                    <Unicode>et luthomirici ‧ et posuit in ea uiros iniquos ob insidias utri¬</Unicode>
                </TextEquiv>
            </TextLine>
            <TextLine id="r3l8" custom="readingOrder {index:7;}">
                <Coords points="419,910 491,908 564,908 636,908 709,910 782,913 854,916 927,917 999,922 1072,925 1145,928 1217,931 1290,934 1362,937 1435,938 1508,940 1580,940 1653,940 1725,938 1798,935 1871,931 1871,871 1798,875 1725,878 1653,880 1580,880 1508,880 1435,878 1362,877 1290,874 1217,871 1145,868 1072,865 999,862 927,857 854,856 782,853 709,850 636,848 564,848 491,848 419,850"/>
                <Baseline points="419,890 491,888 564,888 636,888 709,890 782,893 854,896 927,897 999,902 1072,905 1145,908 1217,911 1290,914 1362,917 1435,918 1508,920 1580,920 1653,920 1725,918 1798,915 1871,911"/>
                <TextEquiv>
                    <Unicode>usque populi ‧ quia hii adiuuabant partes boemorum ‧ Et sicut in omni</Unicode>
                </TextEquiv>
            </TextLine>
            <TextLine id="r3l9" custom="readingOrder {index:8;}">
                <Coords points="422,992 493,993 565,994 636,995 708,998 780,1000 851,1004 923,1006 994,1009 1066,1012 1138,1015 1209,1018 1281,1021 1352,1022 1424,1024 1496,1025 1567,1025 1639,1025 1710,1024 1782,1022 1854,1018 1854,958 1782,962 1710,964 1639,965 1567,965 1496,965 1424,964 1352,962 1281,961 1209,958 1138,955 1066,952 994,949 923,946 851,944 780,940 708,938 636,935 565,934 493,933 422,932"/>
                <Baseline points="422,972 493,973 565,974 636,975 708,978 780,980 851,984 923,986 994,989 1066,992 1138,995 1209,998 1281,1001 1352,1002 1424,1004 1496,1005 1567,1005 1639,1005 1710,1004 1782,1002 1854,998"/>
                <TextEquiv>
                    <Unicode>uicissitudine rerum prosperitas eleuat ‧ aduersitas humiliat cor</Unicode>
                </TextEquiv>
            </TextLine>
            <TextLine id="r3l10" custom="readingOrder {index:9;}">
                <Coords points="419,1076 492,1078 565,1080 638,1082 711,1085 785,1087 858,1090 931,1093 1004,1096 1077,1099 1151,1102 1224,1105 1297,1106 1370,1109 1443,1111 1517,1112 1590,1112 1663,1112 1736,1111 1809,1109 1883,1108 1883,1048 1809,1049 1736,1051 1663,1052 1590,1052 1517,1052 1443,1051 1370,1049 1297,1046 1224,1045 1151,1042 1077,1039 1004,1036 931,1033 858,1030 785,1027 711,1025 638,1022 565,1020 492,1018 419,1016"/>
                <Baseline points="419,1056 492,1058 565,1060 638,1062 711,1065 785,1067 858,1070 931,1073 1004,1076 1077,1079 1151,1082 1224,1085 1297,1086 1370,1089 1443,1091 1517,1092 1590,1092 1663,1092 1736,1091 1809,1089 1883,1088"/>
                <TextEquiv>
                    <Unicode>hominum ‧ ex nimia quam semper obtinuit in preliis prosperitatem ex¬</Unicode>
                </TextEquiv>
            </TextLine>
            <TextLine id="r3l11" custom="readingOrder {index:10;}">
                <Coords points="417,1162 490,1162 563,1163 636,1164 709,1166 782,1169 855,1172 928,1174 1001,1178 1074,1181 1147,1184 1220,1187 1293,1190 1366,1193 1439,1195 1512,1196 1585,1196 1658,1196 1731,1196 1804,1195 1877,1192 1877,1132 1804,1135 1731,1136 1658,1136 1585,1136 1512,1136 1439,1135 1366,1133 1293,1130 1220,1127 1147,1124 1074,1121 1001,1118 928,1114 855,1112 782,1109 709,1106 636,1104 563,1103 490,1102 417,1102"/>
                <Baseline points="417,1142 490,1142 563,1143 636,1144 709,1146 782,1149 855,1152 928,1154 1001,1158 1074,1161 1147,1164 1220,1167 1293,1170 1366,1173 1439,1175 1512,1176 1585,1176 1658,1176 1731,1176 1804,1175 1877,1172"/>
                <TextEquiv>
                    <Unicode>altatum est cor ducis et eleuatum ‧ ut mente feroci exardescent om¬</Unicode>
                </TextEquiv>
            </TextLine>
            <TextLine id="r3l12" custom="readingOrder {index:11;}">
                <Coords points="417,1243 491,1244 565,1246 639,1249 713,1252 787,1255 861,1258 935,1261 1009,1264 1083,1268 1157,1271 1231,1274 1305,1277 1379,1280 1453,1282 1527,1283 1601,1283 1675,1283 1749,1283 1823,1280 1898,1279 1898,1219 1823,1220 1749,1223 1675,1223 1601,1223 1527,1223 1453,1222 1379,1220 1305,1217 1231,1214 1157,1211 1083,1208 1009,1204 935,1201 861,1198 787,1195 713,1192 639,1189 565,1186 491,1184 417,1183"/>
                <Baseline points="417,1223 491,1224 565,1226 639,1229 713,1232 787,1235 861,1238 935,1241 1009,1244 1083,1248 1157,1251 1231,1254 1305,1257 1379,1260 1453,1262 1527,1263 1601,1263 1675,1263 1749,1263 1823,1260 1898,1259"/>
                <TextEquiv>
                    <Unicode>nem boemiam ad obtinendum ‧ Ah ah ‧ mens hominum ignara fu¬</Unicode>
                </TextEquiv>
            </TextLine>
            <TextLine id="r3l13" custom="readingOrder {index:12;}">
                <Coords points="420,1330 492,1331 565,1334 638,1336 711,1339 783,1342 856,1346 929,1350 1002,1354 1074,1357 1147,1361 1220,1363 1293,1366 1365,1369 1438,1370 1511,1372 1584,1372 1656,1372 1729,1370 1802,1368 1875,1364 1875,1303 1802,1307 1729,1309 1656,1311 1584,1311 1511,1311 1438,1309 1365,1308 1293,1305 1220,1302 1147,1300 1074,1296 1002,1293 929,1289 856,1285 783,1281 711,1278 638,1275 565,1273 492,1270 420,1269"/>
                <Baseline points="420,1310 492,1311 565,1314 638,1316 711,1319 783,1322 856,1326 929,1330 1002,1334 1074,1337 1147,1341 1220,1343 1293,1346 1365,1349 1438,1350 1511,1352 1584,1352 1656,1352 1729,1350 1802,1348 1875,1344"/>
                <TextEquiv>
                    <Unicode>turorum sepe suo fallitur augurio ‧ sepe fit quod ante ruinam cor</Unicode>
                </TextEquiv>
            </TextLine>
            <TextLine id="r3l14" custom="readingOrder {index:13;}">
                <Coords points="428,1418 501,1420 575,1421 648,1423 722,1426 795,1429 869,1432 942,1436 1016,1439 1089,1443 1163,1447 1237,1450 1310,1453 1384,1456 1457,1457 1531,1459 1604,1459 1678,1459 1751,1456 1825,1454 1899,1450 1899,1390 1825,1394 1751,1396 1678,1399 1604,1399 1531,1399 1457,1397 1384,1396 1310,1393 1237,1390 1163,1387 1089,1383 1016,1379 942,1376 869,1372 795,1369 722,1366 648,1363 575,1361 501,1360 428,1358"/>
                <Baseline points="428,1398 501,1400 575,1401 648,1403 722,1406 795,1409 869,1412 942,1416 1016,1419 1089,1423 1163,1427 1237,1430 1310,1433 1384,1436 1457,1437 1531,1439 1604,1439 1678,1439 1751,1436 1825,1434 1899,1430"/>
                <TextEquiv>
                    <Unicode>exaltatur ‧ sicut ante leticiam sepe humiliatur ‧ Mox tumido infla¬</Unicode>
                </TextEquiv>
            </TextLine>
            <TextLine id="r3l15" custom="readingOrder {index:14;}">
                <Coords points="410,1504 484,1504 558,1504 632,1505 706,1508 780,1511 854,1515 929,1519 1003,1522 1077,1526 1151,1530 1225,1533 1299,1537 1373,1540 1448,1541 1522,1543 1596,1543 1670,1541 1744,1539 1818,1537 1893,1531 1893,1471 1818,1477 1744,1479 1670,1481 1596,1483 1522,1483 1448,1481 1373,1480 1299,1477 1225,1473 1151,1470 1077,1466 1003,1462 929,1459 854,1455 780,1451 706,1448 632,1445 558,1444 484,1444 410,1444"/>
                <Baseline points="410,1484 484,1484 558,1484 632,1485 706,1488 780,1491 854,1495 929,1499 1003,1502 1077,1506 1151,1510 1225,1513 1299,1517 1373,1520 1448,1521 1522,1523 1596,1523 1670,1521 1744,1519 1818,1517 1893,1511"/>
                <TextEquiv>
                    <Unicode>tus fastu superbię ‧ scire uolens uirtus sua quante sit potencię mit¬</Unicode>
                </TextEquiv>
            </TextLine>
            <TextLine id="r3l16" custom="readingOrder {index:15;}">
                <Coords points="419,1595 492,1594 566,1594 639,1595 713,1597 786,1600 860,1603 933,1606 1007,1609 1080,1612 1154,1616 1227,1618 1301,1621 1374,1624 1448,1627 1521,1628 1595,1628 1668,1630 1742,1628 1815,1627 1889,1624 1889,1564 1815,1567 1742,1568 1668,1570 1595,1568 1521,1568 1448,1567 1374,1564 1301,1561 1227,1558 1154,1556 1080,1552 1007,1549 933,1546 860,1543 786,1540 713,1537 639,1535 566,1534 492,1534 419,1535"/>
                <Baseline points="419,1575 492,1574 566,1574 639,1575 713,1577 786,1580 860,1583 933,1586 1007,1589 1080,1592 1154,1596 1227,1598 1301,1601 1374,1604 1448,1607 1521,1608 1595,1608 1668,1610 1742,1608 1815,1607 1889,1604"/>
                <TextEquiv>
                    <Unicode>tit gladium per omnes fines tocius prouincię ‧ hac condicionę princi¬</Unicode>
                </TextEquiv>
            </TextLine>
            <TextLine id="r3l17" custom="readingOrder {index:16;}">
                <Coords points="425,1684 498,1682 572,1681 645,1681 719,1682 792,1685 866,1687 939,1691 1013,1694 1086,1698 1160,1702 1233,1706 1307,1708 1380,1711 1454,1714 1527,1715 1601,1715 1674,1715 1748,1714 1821,1711 1895,1706 1895,1646 1821,1651 1748,1654 1674,1655 1601,1655 1527,1655 1454,1654 1380,1651 1307,1648 1233,1646 1160,1642 1086,1638 1013,1634 939,1631 866,1627 792,1625 719,1622 645,1621 572,1621 498,1622 425,1624"/>
                <Baseline points="425,1664 498,1662 572,1661 645,1661 719,1662 792,1665 866,1667 939,1671 1013,1674 1086,1678 1160,1682 1233,1686 1307,1688 1380,1691 1454,1694 1527,1695 1601,1695 1674,1695 1748,1694 1821,1691 1895,1686"/>
                <TextEquiv>
                    <Unicode>palis sentencię ‧ ut quicumque corporis statura precellens gladii men¬</Unicode>
                </TextEquiv>
            </TextLine>
            <TextLine id="r3l18" custom="readingOrder {index:17;}">
                <Coords points="431,1774 502,1771 574,1769 646,1769 717,1769 789,1772 861,1774 932,1778 1004,1783 1076,1787 1148,1790 1219,1795 1291,1799 1363,1802 1434,1804 1506,1805 1578,1805 1649,1804 1721,1801 1793,1797 1865,1790 1865,1729 1793,1736 1721,1740 1649,1743 1578,1744 1506,1744 1434,1743 1363,1741 1291,1738 1219,1734 1148,1729 1076,1726 1004,1722 932,1717 861,1713 789,1711 717,1708 646,1708 574,1708 502,1710 431,1713"/>
                <Baseline points="431,1754 502,1751 574,1749 646,1749 717,1749 789,1752 861,1754 932,1758 1004,1763 1076,1767 1148,1770 1219,1775 1291,1779 1363,1782 1434,1784 1506,1785 1578,1785 1649,1784 1721,1781 1793,1777 1865,1770"/>
                <TextEquiv>
                    <Unicode>suram segnius iussu egrederetur ad pugnam ‧ procul dubio puniretur</Unicode>
                </TextEquiv>
            </TextLine>
            <TextLine id="r3l19" custom="readingOrder {index:18;}">
                <Coords points="425,1859 499,1858 573,1856 647,1858 722,1859 796,1861 870,1864 945,1867 1019,1871 1093,1874 1168,1878 1242,1880 1316,1883 1390,1886 1465,1888 1539,1888 1613,1888 1688,1886 1762,1883 1836,1879 1911,1871 1911,1810 1836,1818 1762,1822 1688,1825 1613,1827 1539,1827 1465,1827 1390,1825 1316,1822 1242,1819 1168,1817 1093,1813 1019,1810 945,1806 870,1803 796,1800 722,1798 647,1797 573,1795 499,1797 425,1798"/>
                <Baseline points="425,1839 499,1838 573,1836 647,1838 722,1839 796,1841 870,1844 945,1847 1019,1851 1093,1854 1168,1858 1242,1860 1316,1863 1390,1866 1465,1868 1539,1868 1613,1868 1688,1866 1762,1863 1836,1859 1911,1851"/>
                <TextEquiv>
                    <Unicode>gladio ‧ Quo tocius dicto ut uidit in condicto coadunatos loco ‧ stans</Unicode>
                </TextEquiv>
            </TextLine>
            <TextLine id="r3l20" custom="readingOrder {index:19;}">
                <Coords points="422,1942 496,1942 570,1943 644,1946 718,1948 792,1951 866,1954 940,1957 1014,1960 1088,1963 1162,1965 1236,1968 1310,1970 1384,1972 1458,1973 1532,1973 1606,1973 1680,1972 1754,1970 1828,1967 1902,1963 1902,1902 1828,1906 1754,1909 1680,1911 1606,1912 1532,1912 1458,1912 1384,1911 1310,1909 1236,1907 1162,1904 1088,1902 1014,1899 940,1896 866,1893 792,1890 718,1887 644,1885 570,1882 496,1881 422,1881"/>
                <Baseline points="422,1922 496,1922 570,1923 644,1926 718,1928 792,1931 866,1934 940,1937 1014,1940 1088,1943 1162,1945 1236,1948 1310,1950 1384,1952 1458,1953 1532,1953 1606,1953 1680,1952 1754,1950 1828,1947 1902,1943"/>
                <TextEquiv>
                    <Unicode>in medio aggere ‧ corona uulgi septus clypeoque subnixus ma¬</Unicode>
                </TextEquiv>
            </TextLine>
            <TextLine id="r3l21" custom="readingOrder {index:20;}">
                <Coords points="428,2027 499,2029 570,2030 642,2032 713,2034 785,2037 856,2040 927,2044 999,2047 1070,2050 1142,2053 1213,2056 1284,2057 1356,2060 1427,2062 1499,2062 1570,2062 1641,2061 1713,2059 1784,2056 1856,2051 1856,1991 1784,1996 1713,1999 1641,2001 1570,2002 1499,2002 1427,2002 1356,2000 1284,1997 1213,1996 1142,1993 1070,1990 999,1987 927,1984 856,1980 785,1977 713,1974 642,1972 570,1970 499,1969 428,1967"/>
                <Baseline points="428,2007 499,2009 570,2010 642,2012 713,2014 785,2017 856,2020 927,2024 999,2027 1070,2030 1142,2033 1213,2036 1284,2037 1356,2040 1427,2042 1499,2042 1570,2042 1641,2041 1713,2039 1784,2036 1856,2031"/>
                <TextEquiv>
                    <Unicode>nu ensem uibrans sic est exorsus ‧ O milites quibus ultima</Unicode>
                </TextEquiv>
            </TextLine>
            <TextLine id="r3l22" custom="readingOrder {index:21;}">
                <Coords points="420,2110 493,2110 566,2111 640,2114 713,2117 786,2120 860,2123 933,2127 1006,2131 1080,2135 1153,2138 1226,2141 1300,2143 1373,2144 1446,2146 1520,2146 1593,2145 1666,2143 1740,2140 1813,2134 1887,2128 1887,2068 1813,2074 1740,2080 1666,2083 1593,2085 1520,2086 1446,2086 1373,2084 1300,2083 1226,2081 1153,2078 1080,2075 1006,2071 933,2067 860,2063 786,2060 713,2057 640,2054 566,2051 493,2050 420,2050"/>
                <Baseline points="420,2090 493,2090 566,2091 640,2094 713,2097 786,2100 860,2103 933,2107 1006,2111 1080,2115 1153,2118 1226,2121 1300,2123 1373,2124 1446,2126 1520,2126 1593,2125 1666,2123 1740,2120 1813,2114 1887,2108"/>
                <TextEquiv>
                    <Unicode>in manibus est uictoria ‧ olim non semel uicistis actum iam agitis ‧ </Unicode>
                </TextEquiv>
            </TextLine>
            <TextLine id="r3l23" custom="readingOrder {index:22;}">
                <Coords points="416,2198 490,2198 565,2198 640,2200 715,2202 789,2206 864,2210 939,2213 1014,2217 1088,2222 1163,2225 1238,2229 1313,2232 1387,2234 1462,2234 1537,2235 1612,2234 1686,2231 1761,2227 1836,2220 1911,2212 1911,2151 1836,2159 1761,2166 1686,2170 1612,2173 1537,2174 1462,2173 1387,2173 1313,2171 1238,2168 1163,2164 1088,2161 1014,2156 939,2152 864,2149 789,2145 715,2141 640,2139 565,2137 490,2137 416,2137"/>
                <Baseline points="416,2178 490,2178 565,2178 640,2180 715,2182 789,2186 864,2190 939,2193 1014,2197 1088,2202 1163,2205 1238,2209 1313,2212 1387,2214 1462,2214 1537,2215 1612,2214 1686,2211 1761,2207 1836,2200 1911,2192"/>
                <TextEquiv>
                    <Unicode>Quid opus est armis ‧ Arma ad speciem milicię portare faciatis ‧ </Unicode>
                </TextEquiv>
            </TextLine>
            <TextLine id="r3l24" custom="readingOrder {index:23;}">
                <Coords points="425,2287 498,2286 571,2286 644,2286 718,2289 791,2290 864,2295 937,2298 1011,2301 1084,2305 1157,2310 1230,2313 1304,2316 1377,2318 1450,2319 1523,2320 1597,2319 1670,2316 1743,2311 1816,2305 1890,2298 1890,2240 1816,2247 1743,2253 1670,2258 1597,2261 1523,2262 1450,2261 1377,2260 1304,2258 1230,2255 1157,2252 1084,2247 1011,2243 937,2240 864,2237 791,2232 718,2231 644,2228 571,2228 498,2228 425,2229"/>
                <Baseline points="425,2268 498,2267 571,2267 644,2267 718,2270 791,2271 864,2276 937,2279 1011,2282 1084,2286 1157,2291 1230,2294 1304,2297 1377,2299 1450,2300 1523,2301 1597,2300 1670,2297 1743,2292 1816,2286 1890,2279"/>
                <TextEquiv>
                    <Unicode>Quin pocius falcones nisos ‧ herodios et omne huiusmodi genus</Unicode>
                </TextEquiv>
            </TextLine>
            <TextLine id="r3l25" custom="readingOrder {index:24;}">
                <Coords points="428,2382 501,2377 575,2374 649,2374 722,2374 796,2376 870,2377 943,2380 1017,2383 1091,2388 1165,2390 1238,2395 1312,2397 1386,2400 1459,2401 1533,2403 1607,2403 1680,2401 1754,2397 1828,2392 1902,2385 1902,2327 1828,2334 1754,2339 1680,2343 1607,2345 1533,2345 1459,2343 1386,2342 1312,2339 1238,2337 1165,2332 1091,2330 1017,2325 943,2322 870,2319 796,2318 722,2316 649,2316 575,2316 501,2319 428,2324"/>
                <Baseline points="428,2363 501,2358 575,2355 649,2355 722,2355 796,2357 870,2358 943,2361 1017,2364 1091,2369 1165,2371 1238,2376 1312,2378 1386,2381 1459,2382 1533,2384 1607,2384 1680,2382 1754,2378 1828,2373 1902,2366"/>
                <TextEquiv>
                    <Unicode>uolatilium quod magis aptum est ad iocunditatem et ludum tol¬</Unicode>
                </TextEquiv>
            </TextLine>
            <TextLine id="r3l26" custom="readingOrder {index:25;}">
                <Coords points="413,2474 486,2468 559,2464 632,2462 705,2461 779,2461 852,2462 925,2465 998,2468 1071,2471 1145,2474 1218,2478 1291,2481 1364,2485 1437,2486 1511,2488 1584,2488 1657,2486 1730,2483 1803,2479 1877,2471 1877,2410 1803,2418 1730,2422 1657,2425 1584,2427 1511,2427 1437,2425 1364,2424 1291,2420 1218,2417 1145,2413 1071,2410 998,2407 925,2404 852,2401 779,2400 705,2400 632,2401 559,2403 486,2407 413,2413"/>
                <Baseline points="413,2454 486,2448 559,2444 632,2442 705,2441 779,2441 852,2442 925,2445 998,2448 1071,2451 1145,2454 1218,2458 1291,2461 1364,2465 1437,2466 1511,2468 1584,2468 1657,2466 1730,2463 1803,2459 1877,2451"/>
                <TextEquiv>
                    <Unicode>lite uobiscum ‧ quibus carnes inimicorum si forte sufficient dabi¬</Unicode>
                </TextEquiv>
            </TextLine>
            <TextLine id="r3l27" custom="readingOrder {index:26;}">
                <Coords points="408,2569 479,2563 550,2558 622,2557 693,2555 765,2555 836,2556 907,2557 979,2560 1050,2563 1122,2566 1193,2567 1264,2570 1336,2573 1407,2575 1479,2576 1550,2578 1621,2576 1693,2575 1764,2573 1836,2569 1836,2508 1764,2512 1693,2514 1621,2515 1550,2517 1479,2515 1407,2514 1336,2512 1264,2509 1193,2506 1122,2505 1050,2502 979,2499 907,2496 836,2495 765,2494 693,2494 622,2496 550,2497 479,2502 408,2508"/>
                <Baseline points="408,2549 479,2543 550,2538 622,2537 693,2535 765,2535 836,2536 907,2537 979,2540 1050,2543 1122,2546 1193,2547 1264,2550 1336,2553 1407,2555 1479,2556 1550,2558 1621,2556 1693,2555 1764,2553 1836,2549"/>
                <TextEquiv>
                    <Unicode>mus ad uescendum ‧ Teste marte dio et mea domina bellona ‧ quę</Unicode>
                </TextEquiv>
            </TextLine>
            <TextEquiv>
                <Unicode>picibus preualuerat terramque eorum sepe ingressus cedibus incediis ac
rapinis crudeliter deuastarat et ipsos populi primates in tantum
presidiis attenuauerat ut paruo clausi in oppido quod dicitur
leuigradec hostium incursiones timerent opido ‧ Hic condidit
urbem quam appelauit nomine suo wlatizlau ‧ inter duos mon¬
tes meduez ‧ Pripec ‧ scilicet in confinio duarum prouinciarum belina
et luthomirici ‧ et posuit in ea uiros iniquos ob insidias utri¬
usque populi ‧ quia hii adiuuabant partes boemorum ‧ Et sicut in omni
uicissitudine rerum prosperitas eleuat ‧ aduersitas humiliat cor
hominum ‧ ex nimia quam semper obtinuit in preliis prosperitatem ex¬
altatum est cor ducis et eleuatum ‧ ut mente feroci exardescent om¬
nem boemiam ad obtinendum ‧ Ah ah ‧ mens hominum ignara fu¬
turorum sepe suo fallitur augurio ‧ sepe fit quod ante ruinam cor
exaltatur ‧ sicut ante leticiam sepe humiliatur ‧ Mox tumido infla¬
tus fastu superbię ‧ scire uolens uirtus sua quante sit potencię mit¬
tit gladium per omnes fines tocius prouincię ‧ hac condicionę princi¬
palis sentencię ‧ ut quicumque corporis statura precellens gladii men¬
suram segnius iussu egrederetur ad pugnam ‧ procul dubio puniretur
gladio ‧ Quo tocius dicto ut uidit in condicto coadunatos loco ‧ stans
in medio aggere ‧ corona uulgi septus clypeoque subnixus ma¬
nu ensem uibrans sic est exorsus ‧ O milites quibus ultima
in manibus est uictoria ‧ olim non semel uicistis actum iam agitis ‧ 
Quid opus est armis ‧ Arma ad speciem milicię portare faciatis ‧ 
Quin pocius falcones nisos ‧ herodios et omne huiusmodi genus
uolatilium quod magis aptum est ad iocunditatem et ludum tol¬
lite uobiscum ‧ quibus carnes inimicorum si forte sufficient dabi¬
mus ad uescendum ‧ Teste marte dio et mea domina bellona ‧ quę</Unicode>
            </TextEquiv>
        </TextRegion>
    </Page>
</PcGts>
