2195 3006
452 211 1958 301 ria gemmis et auro grandia · uidi candelabra argentea et thu¬
452 299 1937 386 ribula atque pallia innumera · et quicquid boni rex in uita fece¬
462 383 1931 464 rat · sed adhuc maligna pars preponderabat · et clamabat · noster
447 460 1875 556 est · noster est · Tunc sancta Maria accepit aureum calicem magnum de
453 546 1905 636 manu sancti georgii et concuciens ter caput inquit · Certe non uester · sed
453 626 1905 721 noster · et cum magna indignacionę proiecit calicem ad parietem ęc¬
453 710 1943 811 clesię et fracta est una ansa calicis · Ad cuius tinnitum mox eua¬
452 796 1901 893 nuit agmen ignitum · Et accepit sancta maria per manum dexteram
456 877 1901 979 et sanctus georgius per sinistram imperatorem henricum · et duxerunt secum
447 961 1904 1066 ut credo in celestem habitacionem · At ille iherosolimita corde
455 1043 1865 1154 reuoluens ea quę dicta sunt · descendit ad sarcinas ·
452 1130 1937 1240 et inuenit fractam calicis ansam · sicut predixerat
440 1220 1919 1330 heremita · Qui usque hodie magni miraculi pro testimonio ha¬
453 1296 1937 1411 betur babenberk · sancti georgii martiris in monasterio · Anno domini¬
435 1375 1916 1496 ce incarnacionis · mille ·III· Interfecti sunt wirssowici · Anno dominice in¬
435 1462 1919 1585 carnacionis · mille ·IIII· sanctus benedictus cum sociis suis martirizatus est ·
686 1568 1112 1643 emporibus henrici
692 1655 1931 1759 imperatoris qui post ottonem tercium · rexit romanum im¬
683 1745 1889 1847 perium · in partibus polonię · quinque fuere monachi
678 1837 1880 1930 et heremitę ueri israelite · benedictus · matheus · io¬
689 1923 1895 2013 hannes · ysaac · christinus · et sextus barnabas · quorum non est
687 2003 762 2064 in¬
992 2023 1892 2096 uentus in ore dolus · nec in manibus
423 2092 663 2133 prauum opus ·
428 2074 1937 2182 Horum de uita patrum scripturus multa · malui pau¬
428 2161 1913 2269 ca · quia semper dulcius sumitur · quę parcius apponitur esca · Erat enim
423 2243 1901 2352 eorum conuersacio laudabilis · deo acceptabilis · hominibus admirabilis
419 2336 1907 2434 et eam sectari uolentibus imitabilis · Nam ad hoc merita sanctorum a¬
411 2425 1923 2521 miramur · ut eos imitando ipsi ammirabiles reddamur · Hos quip¬
