2156 3006
446 258 1911 340 re Iesu Christo toto spiritus sui ardore feruens ‧ uanitatem nequam huius m¬
449 343 1913 424 undi contempsit ‧ et domum ‧ uxoremque agros ‧ cognatos ‧ atque amicos
445 443 1898 490 immo semetipsum sibi abnegans ‧ uersuciali seculo et pompis suis
434 516 1880 592 miserabilibus ualedixit ‧ a cuius tumultuoso turbine fugiens ‧ se¬
437 595 1904 675 creta solitudinis peciit atque supercilio cuiusdam desertę speluncę ‧
437 684 1878 762 quam mille demonia ut fertur inhabitabant celestibus armis
441 768 1877 847 loricatus consedit ‧ ibique quibus se posset tueri obstaculis uirtutum
443 848 1895 926 constructis ‧ contra canes uiciorum et impetum spiritualium nequiciarum ac
431 926 1907 1002 suggestionum sagittas ‧ ad petram quę Christus est ‧ oracionibus uigili¬
431 1003 1899 1083 is ‧ ieiuniis allidens ‧ uiriliter pugnare cepit ‧ Dum igitur in dilec¬
432 1081 1886 1169 ta sibi solitudine ‧ a naufragio secularis tumultus liber ac ab
443 1173 1859 1260 omnibus occultus per multum tempus deo indefessus agoniza¬
437 1284 1898 1344 ret ‧ pia diuinitatis disposicio ciuitatem in monte positam
437 1366 1296 1425 latere ‧ et lucernam sub modio abscondi minime
1485 1393 1904 1429 uoluit ‧ sed ad lau¬
438 1426 1082 1512 dem et gloriam nominis sui in propa¬
1205 1459 1919 1524 tulo exemplo multorum fide¬
438 1515 1035 1591 lium lucere ‧ Celesti namque
1269 1549 1926 1613 gracia dictante dum idem dux
434 1604 1871 1691 consueto more illum locum
1296 1637 1876 1681 ad uenandum speciatim e¬
434 1693 1886 1774 legerat ‧ quodam tempore uenandi gracia adisset ‧ interim dum ue¬
428 1783 1907 1863 nacioni daret operam ‧ unum ex multitudine ceruum ad se¬
434 1867 1892 1948 creciora nemoris profugientem insecutus usque in uerticem
434 1956 1910 2038 predicte spelunce reperit exili tugurio procopium uirum m¬
434 2038 1877 2124 onachili sub habitu heremiticam excolere uitam ‧ Primo igitur
425 2119 1892 2203 rei nouitatem principalis celsitudinis modificato tenore ‧ men¬
410 2205 1871 2292 tis alacritate ‧ dulci uerborum affabilitate ‧ singula ex ordine per¬
411 2301 1859 2382 cunctatur ‧ quis · et quibus ab oris uenerit ‧ uel qua de causa uir
420 2388 1886 2463 talis tamque rarus eas solitudines incolere uoluerit ‧ Cuius
413 2473 1890 2548 ad interrogata procopius breuiter ac humiliter respondens ‧ omnem
