2157 2995
252 176 1725 289 clauis affigunt humi · et saltant ludentes militari · saltantes
261 260 1721 373 in equis trans corpus heri · Quod uidens unus de conseruis nomine douo¬
258 350 1703 457 ra uelociter currens in pragam quod factum fuerat ducis ami¬
267 479 594 546 cis nunciat · et
770 432 1676 543 eadem hora deducit eos ad turpe brauium
262 579 647 622 sine mora · Quos
267 519 1713 627 ubi uiderunt iniquitatis operarii armatos
273 607 1674 706 super se repente irruere diffugiunt ut uespertiliones per siluarum
273 686 1694 792 latebras · At illi ut uiderunt ducem male muscis laceratum se¬
267 777 1737 880 minecem · nam ut examen apum sec ascendebat agmen muscarum super
264 867 1716 964 corpus nudum · soluentes eunt et uehiculo ponentes deferunt wis¬
273 959 1719 1048 segrad in urbem · Seruo autem dowore omni laude digno ducis
261 1040 1719 1137 amico · talis gratia redditur pro merito · Nam uoce preconia indicitur
270 1127 1730 1231 ubique per fora · ut quam ipse douora tam eius proles postera sit in¬
282 1212 1716 1317 ter nobiles et ingenuos in eternum et ultra · insuper dant ei et dignita¬
266 1293 1710 1402 tem uenatoriam quę pertinet ad curtem Stbecnam · quam ex tunc et
285 1386 1554 1488 usque modo per generationes eius possident nepotes ·
408 1464 1743 1573 um hęc geruntur in boemia dux mesco ueniens cum
416 1545 1718 1659 ualida manu polonica inuasit urbem pragam · et post
419 1629 1713 1744 duo spacia annorum obiit · Eodem anno · obiit BRVNO papa ·
282 1745 1356 1830 qui romano more Gregorius uocabantur ·
405 1797 1748 1914 Nnus ab incarnatione domini millesimus · Cesar uero otto antequam pa¬
405 1892 1739 2001 triam uisitaret humili deuotionę in polonia sanctum ad¬
401 1977 1769 2089 albertum episcopum et martirem nuper Christo laureatum adiit · eius interuen¬
270 2072 1730 2173 tum obnixius peciit · ibique summo conamine a duce sclauo¬
288 2154 1766 2256 nico bolezlauone susceptus xeniis omnigeni census obse¬
291 2250 1736 2341 qualiter honoratur · Dehinc in patriam imperator otto reuertitur ac
284 2324 1766 2428 quidiligensi loco dominicam resurrectionis diem debite uenera¬
300 2403 1737 2515 tionis obsequiis festiue peregit · Anno dominice incarnationis ·
