2177 2972
249 203 1718 284 gis nobis impositis · aliquando benedictionibus acceptis abierunt ·
264 290 1703 368 Certe iam uolat fama per mundum · nos diligere mundum · et
258 374 1745 456 ea quę sunt mundi · Clamat contra nos et hęc ipsa quę numquam
252 465 1734 542 scit tacere pecunia · et iam iamque aderit improba manus latronum
261 551 1716 627 in ianua · quia quod faciunt domini · sciunt plurimi · Quin potius ei¬
264 636 1734 713 ciatur cicius mortis formentum mali nutrimentum · animę detrimentum · et re¬
249 720 1716 794 feratur ad eum cuius est hoc argentum · Et mittunt unum de fratri¬
254 807 1719 877 bus cui nomen barnabas · qui semper exteriores tractabat causas
254 887 1689 965 ut ex parte fratrum referat duci · Licet nos peccatores et in¬
263 977 1707 1050 digni sumus · tamen uestri memoriam in nostris ornacionibus continuam ha¬
261 1061 1743 1139 bemus · Argentum numquam habuimus · nec habere uolumus · Dominus enim
264 1147 1701 1222 noster Iesus Christus a nobis non argentum sed bonę operacionis duplex
255 1231 1740 1309 exigit talentum · Monachus si habet obulum · non ualet obulum ·
255 1320 1695 1395 Ecce quod tuum est accipe argentum · nobis illicita possidere non
273 1404 1701 1484 est licitum · Illo abeunte ducis ad curiam · mox in prima noc¬
258 1474 1943 1567 tis uigilia affuit manus inimica · et irrumpentes ualuas do¬
258 1567 1740 1647 mus subito · inueniunt eos cantantes et psallentes domino · Quorum
260 1645 1695 1735 adactis iugulo gladiis inquiunt · Uiuere si uultis cum pace
270 1725 1722 1824 bona · quod habetis argentum nobis date nunc · et parcite uobis ·
261 1820 1713 1902 Scimus enim uere uos censum regis habere · At illi teste deo iurant
272 1903 1718 1987 censumque negant constanter et aiunt · Pecunia quam queritis iam
270 1992 1718 2070 est in camera ducis · quia non fuit necessaria nobis · Quod si non
276 2079 1722 2148 creditis · ecce domus nostra ‧ querite quantum uobis placet · tantummodo
269 2166 1725 2233 nolite male facere nobis · At illi rigidiores saxis non est opus
263 2256 1721 2320 inquiunt uerbis · aut nobis reddite ducis pecuniam · aut diram
267 2334 1719 2409 mortis subibitis sentenciam · Et statim eos crudeliter eos liga¬
266 2412 1715 2496 uerunt · et per totam noctem diuersis penis affecerunt · ad ultimum in
