2177 2972
261 172 1706 261 dine ut facile posset a quoquam leuari · duas ex utroque latere
261 254 1677 336 habuit ansas quod nos uulgo dicimus aures · Quem ut
249 334 1688 433 intinguat sub trina mersione in iordane ubi Iesus Christus bapti¬
264 422 1701 520 zatus est a iohanne precipit imperator et rogat · dans ei pecuni¬
267 514 1707 605 am quantum sufficeret ad uiam · Quid multa ? Homo dei uadit ihero¬
258 602 1695 683 solimam · iussa facit ter mergens calicem iordanis in undam ·
258 691 1692 773 Post rediens per constantinopolim transibat per bulgariam · Ibi
285 776 1722 859 quidam erat heremita · sancta degens uita · Ad quem ille ueniens
285 863 1725 944 hierosolimita · post multa et dulcia atque sancta colloquia · supplici¬
267 947 1728 1030 ter rogabat eum ut pro incolomitatę imperatoris henrici ora¬
285 1030 1740 1117 ret deum · Ad quem ille · Non est inquit pro incolomitate eius orandum ·
285 1111 1782 1205 quia ex hac conualle lacrimarum translatus est iam in requiem beatorum ·
275 1199 1704 1292 At ille instat et rogat · ut sibi dicat unde hoc sciat · Et ille ·
285 1291 1724 1379 Hac inquit proxima noctę · dum nec adeo uigilarem · nec omnino
299 1381 1736 1469 dormirem · sustulit me alta uisio · ad magnum campum ual¬
287 1466 1760 1555 de planum · et nimis latum atque iocundum · Et uidi ibi malig¬
290 1546 1739 1645 nos spiritus teterrimos · quorum ex ore et naribus exibat sulphure¬
291 1631 1749 1729 a flamma · qui imperatorem henricum per barbam inuitum et quasi ad iudi¬
290 1714 1754 1813 cium trahebant · alii furcis collum eius ferreis urgentes · leti cla¬
299 1805 1772 1901 mabant dicentes · Noster est · noster est · Quos a longe sequebatur sancta
300 1901 1734 1982 maria · et sanctus Georgius quasi tristes · et quasi eum eripere uolentes et cum
296 1999 1158 2063 eis litigantes · donec suspensa est in
1419 1978 1745 2056 medio cam¬
299 2071 1756 2143 po trutina · cuius capacitas latior fuit · quam duo milia¬
312 2151 1730 2224 ria · Ad sinistram maligna pars magna et inmensa pondera
317 2239 1749 2315 et innumerabilia · quęm mala opera inponebant · At contra sanctum
321 2318 1770 2402 georgium uidi monasterium magnum cum toto claustro imponere
306 2399 1781 2489 uidi aureas cruces preciosis lapidibus graues · uidi tot plena¬
