2182 3010
687 236 1730 336 ost hęc indutus ueste principali ‧ et cal¬
779 318 1763 425 ciatus calciamento regali ‧ aciem ascendit
771 409 1722 512 equum arator ‧ tamen suę sortis non im¬
687 491 1722 601 memor ‧ tollit secum suos coturnos ex omni
690 579 1742 685 parte subure consutos ‧ quos fecit seruari in
693 661 1722 773 posterum ‧ et seruantur wisegrad in camera
702 753 1718 860 ducis usque hodie et in sempiternum ‧ Factum
698 835 1739 944 est autem dum per compendia uiarum irent ‧ necnon
704 922 1731 1030 adhuc illi nuncii ceu ad nouicium dominum
725 1008 1727 1121 familiarius loqui auderent ‧ sed sicut columbę
723 1090 1760 1205 si quando aliqua peregrina adeas accedit ‧ inprimis
258 1188 1752 1286 eam pauescunt ‧ et mox in ipso uolatu eam asuefaciunt ‧ et eam quasi
272 1272 1745 1376 propriam faciunt et diligunt ‧ sic illi cum fabularentur equitantes ‧ et
278 1359 1764 1461 sermocinacionibus iter abreuiarent ‧ ac iocundo per scurilia uerba
285 1448 1751 1547 laborem fallerent ‧ unus qui erat audacior et lingua promptior ‧
285 1529 1746 1631 o domine dic inquit nobis ‧ ad quid hos coturnos subure consutos ‧
282 1611 1739 1720 et ad nichilum nisi ut proiciantur aptos ‧ nos seruare fecisti ? Non
279 1698 1766 1808 satis possumus admirari ‧ Quibus ille ‧ Ad hoc inquit eos feci et fa¬
291 1783 1727 1892 ciam seruari in euum ‧ ut nostri posteri sciant unde sint orti ‧ et
294 1870 1763 1976 ut semper uiuant pauidi et suspecti ne homines a deo sibi con¬
285 1960 1793 2062 missos inuiste opprimant per superbiam ‧ quia facti sumus omnes equales
285 2045 1740 2148 per naturam ‧ Nunc autem et michi liceat uos inuicem percunctari ‧ u¬
303 2126 1788 2235 trum magis laudabile est de paupertate ad dignitatem prouehi ‧
291 2211 1761 2321 an de dignitate in paupertatem redigi ? Nimirum respondetis
300 2298 1767 2406 michi ‧ melius esse prouehi ad gloriam ‧ quam redigi ad inopiam ‧ Atqui sunt
297 2375 1811 2492 nonnulli parentela geniti ex nobili ‧ sed post ad turpem inopi¬
287 2461 1760 2580 am redacti ‧ et miseri facti ‧ cum suos parentes gloriosos fuisse
