2160 3006
467 188 1895 289 tulit in sua nec tamen antiqua soluit conubia · quia tunc soluit
470 267 1373 371 conubia · quia tunc temporis prout cuique
1615 296 1946 372 placuit · binas
458 353 1913 463 uel ternas coniuges habere licuit · nec nefas fuit uiro rapere alterius
470 440 1914 545 uxorem · et uxori alterius nubere marito · et quod asscribitur pu¬
462 526 1893 631 dori · hoc tunc fuit magno decori · si uir una coniuge
461 608 1911 709 aut coniunx uno uiro contenti uiuerent · Uiuebant enim
467 698 1787 796 quasi bruta animalia · conubia habentes communia ·
465 785 1919 883 odem anno cesar ab hoc mundo migrauit tercius otto · Ui¬
491 872 1919 967 uat in cęlis · ubi uiuit quisque fidelis · Huic successit filius eius
452 956 1928 1051 henricus · imperator · qui inter cetera quę fecit in uita sua pro Christi
450 1042 1883 1139 nomine magnalia · construxit castrum in quodam monte non
455 1136 1922 1222 modico sumptu empto a possessore loci nomine pabo · unde trax¬
455 1223 1919 1306 it nomen babenberk · quod est pabonis mons · Ibi etiam constiuit
452 1304 1931 1392 episcopatum · quem in tantum ampliauit facultatibus et dignitatibus pon¬
437 1385 1916 1477 tificalibus ut in tota orientali francia non ultimum · sed sacerdocium post
437 1469 1922 1562 primum habeatur episcopium · Edificauit eciam ibi et templum mire
434 1567 1883 1649 magnitudinis in honore sanctę marię uirginis · et sancti georgii
434 1654 1895 1735 christi martiris quod similiter in tantum adauxit dotalibus ecclesię et or¬
479 1744 1886 1822 natibus auri et argenti et ceteris regaliter apparatibus ut michi
434 1833 1892 1909 uideatur de his tacere melius quam dicere minus · et quam habeatur in
434 1911 1898 1990 re · Vtile de multis factum referam tamen unum · Haud longe ab
431 1993 1898 2080 urbe predicta · quidam erat anachorita sanctarum uirtutum archim¬
431 2081 1859 2170 andrita · ad quem inperator sepe fingens quasi ad uenatum ire
428 2168 1883 2260 uellet · sepe faciens aliquam occasionem · clam est solo cliente ue¬
428 2253 1880 2343 niebat · et se eius oracionibus commendabat · Hunc cum intellexisset cesar
431 2340 1874 2419 henricus quia causa orancionis iherosolimam ire uellet · committet ei
413 2425 1910 2506 dominici corporis et sanguinis calicem aureum · qui pro sui magnitu¬
