2168 3006
407 249 1847 337 sollempnem insimul agerent ludum in constituto loco ‧ Quid plura ?
423 336 1911 432 Non aliter iuuenes cum puellis ineunt conuiuia ‧ ac si lupi rapa¬
422 418 740 478 ces querentes
1022 457 1902 505 edulia ut intrarent ouilia ‧ Primam
425 501 725 562 diem epulis et
1041 536 1883 595 nimiis potibus ducunt ‧ Dumque uo¬
423 585 735 654 lunt sedare si¬
983 604 1892 690 tim ‧ sitis altera creuit ‧ leticiamque suam
414 663 1889 772 iuuenes uix noctis ad horam differunt ‧ Nox erat et cęlo fulge¬
422 751 1907 858 bat luna sereno ‧ inflans tunc lituum dedit unus eis ita signum
422 838 1916 943 dicens ‧ Lusistis satis ‧ cedistis satis atque bibistis ‧ Surgite uos
413 924 1904 1041 rauco clamant uenus aurea sistro ‧ Moxque singuli singulas rapu¬
417 1011 1892 1125 ere puellas ‧ Mane autem facto ‧ iam pacis inito pacto sublatim
414 1102 1886 1210 cerere et bacho ‧ ex earum opido muros lemniaco uacuos indul¬
422 1188 1909 1297 gent ‧ uulcano ‧ Ex illa tempestate post obitum principis lubossę ‧ sunt
416 1276 1892 1380 mulieres nostrates uirorum sub potestate ‧ Sed quoniam omnibus ire quidem
416 1362 1892 1467 restat ‧ numa quo uenit et ancus ‧ Primizl iam plenus dierum postquam
425 1453 1892 1549 iura instituit legum ‧ quem coluit unus ut dominum ‧ raptus est ad cere¬
407 1536 1838 1633 ris generum ‧ Cui nezamizl successit in regnum ‧ Hunc ubi
401 1626 1862 1719 mors rapuit innata principales obtinuit fasces ‧ Quo dece¬
401 1722 1871 1800 dente ab hac uita moyen suscepit rerum gubernacula ‧ Huius
401 1803 1862 1882 post fatum uitozlau rexit ducatum ‧ Cuius uitam dum rumpunt
405 1887 1868 1971 parce kresomizl locatur sedis in arce ‧ Hoc sublato e medio ‧
416 1966 1859 2058 neclan ducatus potitur solio ‧ Hic uita ubi discessit ‧ Gostiuit
414 2046 1877 2142 throno successit ‧ Horum igitur principum de uita eque et morte sile¬
401 2131 1890 2230 tur ‧ tum quia ueneri et somno dediti inculti et indocti assimilati
408 2215 1890 2316 sunt pecori ‧ quibus profecto contra naturam corpus uoluptati ‧ anima fu¬
404 2307 1889 2403 it oneri ‧ tum quia non erat illo in tempore qui stilo acta eorum commen¬
407 2391 1892 2486 daret memorię ‧ Sed sileamus de quibus siletur ‧ et redeamus unde pau¬
398 2484 1757 2581 lo digressi sumus ‧ Gostiuit autem genuit
