2160 3006
443 215 1919 302 laum quo dignaretur ad suum uenire conuiuium · At ille sicut erat uir
443 292 1878 387 columbinus et sine felle · suorum consilio familiarium dixit se omnia
440 370 1881 471 facturum uelle · Sed quę pestis nocentior · quam familiares ini¬
449 454 1902 557 mici ? Quorum quia non potuit contraire dolosis consi¬
1717 508 1899 548 liis · im¬
456 535 1917 641 mo iam suis fatis · ach · mens presaga ducis uocat ad
1775 594 1896 625 se no¬
459 621 1916 725 biliores · et quos relicturus erat in regno · qui uideba¬
1802 678 1903 711 ntur
449 712 1913 811 sibi fideliores · et his eos affatur dictis · Si quid forte michi quod
450 797 1904 893 absit aliter et preter fidem atque spem · in polonia euenerit · hunc
449 880 1919 977 meum natum Iaromir uestrę fidei committo · et mei in loco ducem uo¬
464 967 1901 1064 bis relinquo · Sicque dispositis regni nogociis · it cariturus
462 1058 1943 1151 lumine · et intrat urbem kracou sinistro omine perfidi ducis
462 1148 1925 1242 mesconis conuiuium · Nam mox inter prandendum, pax fides · uis hos¬
473 1236 1934 1328 pitale rumpitur · Dux bolezlaus capitur · atque oculis priuatur · suosque
459 1316 1892 1412 omnes alios obtruncant · alios carceri tradunt · Interea ducis
464 1412 1910 1494 bolezlai domestici et familiares inimici · gens inuisa · generati¬
456 1491 1907 1578 o mala · wrssouici operantur abhominabile malum · et antea re¬
455 1579 1898 1663 tro seculis inauditum · Quorum primus et quasi caput totius iniquitatis e¬
459 1664 1962 1745 rat kohan · uir sceleratissimus et omnium malorum hominum pessimus ·
455 1753 1922 1837 Hic et sui propinqui homines iniqui · ducis cum filio iaromir ueni¬
452 1820 1932 1906 entes uenationis ad locum qui dicitur weliz · postquam referente fama per¬
449 1922 1907 2007 ceperunt quę facta sunt · de duce in polonia · quis iste est inqui¬
456 2003 1883 2093 unt homuncio · alga uilior · qui super nos debet esse maior
450 2084 1886 2177 et dominus uocari ? An non in¬
1136 2119 1893 2164 uenitur inter nos melior · qui et
447 2195 1021 2242 dignior sit dominari ? Ach
450 2175 1907 2267 mala mens · malus animus · quod
449 2261 1940 2351 ruminantur sobrii · palam faciunt ebrii · Nam iniquitas eorum ut incalu¬
449 2352 1922 2434 it · et assumpsit cornua mero · capiunt dominum suum et crudeli¬
444 2436 1908 2517 ter ligant · atque nudum et resupinum per bracia et pedes ligneis
