2168 3006
446 264 1913 341 mis militaribus quandam adeunt sortilegam ‧ et consulunt eam atque in¬
462 347 1923 428 stant ‧ ut edicat quid opus sit facto in tali discrimine rerum ‧ aut
462 435 1880 511 quod euentus futurum obtineat bellum ‧ Illa ut erat plena phitone ‧
456 519 1904 600 ambigua non tenuit eos diu uerborum ambage ‧ Si uultis inquit
458 602 1889 689 triumphum uictorię consequi ‧ oportet uos prius iussa deorum
462 686 1907 773 exequi ‧ Ergo libate diis uestris asinum ‧ ut sint et ipsi uobis in
474 770 1889 861 asilum ‧ Hoc uotum fieri summus iupiter et ipse mars sororque eius
456 857 1910 947 bellona atque gener cereris iubet ‧ Queritur interim miser asel¬
461 946 1926 1034 lus et occiditur ‧ et ut iussum fuerat in mille milies frusta concidi¬
471 1029 1878 1120 tur atque ab uniuerso exercitu cicius dicto consumitur ‧ Quibus ita esu ani¬
458 1117 1907 1208 matis asinino res similis prodigio cerneres letas phalanges
452 1201 1898 1292 et uiros mori promptos ut siluaticos porcos ‧ Et sicut post aquo¬
462 1281 1916 1376 sam nubem fit sol clarior ‧ et iusu iocundior ‧ ita post nimiam iner¬
456 1365 1742 1463 ciam exercitus ille fuit alacrior ‧ et ad pugnam audacior ‧
437 1452 1910 1550 nterea dux eorum niclan lepore pauidior ‧ et pardo fuga ue¬
452 1542 1895 1640 locior ‧ pugnam imminentem pertimuit ‧ et ficta infirmitate in
452 1628 1856 1724 castro supradicto delituit ‧ Quid facerent menbra sine capite ?
455 1716 1883 1812 Aut milites in prelio sine duce ? Erat ea tempestatę quidam uir
446 1800 1919 1894 precipuus honestatę corporis ętate et nomine tyro et ipse post ducem
458 1885 1919 1982 secundus imperio ‧ qui ad ocursum mille obpugnancium in prelio ‧ nu¬
456 1960 1898 2067 llum timere ‧ nemini sciuit cedere ‧ hunc dux clam ad se uocat ‧
456 2037 1940 2155 et precipit ‧ ut arma sua induat ‧ et paucis clientibus herilem equum
450 2126 1862 2246 iubet ut ascendat ‧ atque uice sui milites ad pugnam precedat ‧
443 2222 1911 2331 quę non longe ab urbe sed quasi duobus stadiis distabat ‧ Ventum erat
455 2309 1893 2412 ad campum ab utrisque exercitibus condictum ‧ sed prius boemi preoccu¬
440 2391 1871 2493 pant collem in medio campo eminentem ‧ unde et hostes preuiderent
365 2481 1889 2580 aduentantes ‧ et his qui estimabatur dux stans in eminenciori
