2182 3010
264 285 1740 375 michi fecit omnia bona ‧ per capulum ensis mei iuro ‧ quem manu tene¬
267 366 1758 457 o ‧ quod pro infantibus eorum ‧ catulos canum ponam ad ubera matrum ‧
270 452 1722 544 Leuate signa ‧ tollite moras semper nocuit differre paratis ‧
276 536 1731 628 Ite iam uelociter ‧ et uincite feliciter ‧ Exoritur clamor ad ethera ‧
282 628 1761 721 utilis et inutilis ‧ et fortis et uilis ‧ potens et inpotens perstrepunt
285 721 1629 803 arma ‧ Saltat scabio equa ‧ ut acer equus in pugna ‧
297 797 1736 892 nterea quedam mulier una de numero eumenidum uocans
309 878 1757 977 ad se priuignum ‧ qui iam iturus erat ad prelium ‧ quamuis inquit
306 973 1752 1063 non est naturale nouercis ‧ ut bene faciant suis priuignis
282 1058 1752 1148 tamen non inmemor consorcii tui patris cautum te faciam ‧ ut pos¬
279 1141 1754 1235 sis uiuere si uis ‧ Scias boemorum strigas lemures nostras preualu¬
276 1229 1755 1319 isse ‧ uotis eumenides ‧ unde nostris usque ad unum interfectis ‧ dabitur
272 1318 1767 1409 uictoria boemis ‧ Hanc tu quo tandem ualeas euadere cladem ‧
291 1406 1770 1492 quem in primo congressu interficies tibi aduersantem ‧ utramque sibi absci¬
285 1484 1736 1573 dens aurem ‧ mitte in tuam bursam ‧ et inter utrosque pedes equi in
291 1569 1745 1662 modum crucis euaginato ense terram lineabis ‧ Hoc enim faciens
291 1652 1766 1751 inuisibiles ligaturas laxabis ‧ quibus ira deorum uestri equi obligati de¬
294 1745 1772 1838 ficient et cadent ‧ quasi ex longo itinere fatigati ‧ moxque insili¬
291 1826 1739 1921 ens equum terga uertes ‧ et si magnus post te timor uel fragor ingruerit ‧
287 1921 1748 2005 numquam retro aspicias ‧ fugam sed acceleres atque ita tu solus uix ef¬
294 2008 1733 2088 fugies ‧ Nam dii qui uobiscum comitantur in prelium uersi sunt in
294 2089 1731 2168 auxilium inimicis uestris ‧ At contra boemis resistere non ualentibus
297 2177 1737 2255 hostibus quippe iam tociens triumphantibus una salus erat uic¬
291 2255 1764 2339 tis nullam sperare salutem ‧ Sed sicut semper infidelis homines et eo ad
285 2335 1766 2425 malum proniores ‧ ubi deficiunt uires et bonę artes ‧ ilico ad dete¬
291 2416 1749 2509 riores prauitatis uertuntur partes ‧ Haud aliter gens ista uanis
291 2500 1763 2599 sacris dedita ‧ plus mendaciis credula ‧ iam desperantes uiribus et ar¬
