2174 3006
438 584 1865 696 Nno Dominicę incarnacionis ‧DCCC‧XC‧IIII‧ Boriuoy bap¬
441 674 1841 777 tizatus est primus dux boemorum ‧ sanctę fidei catholicus ‧
428 767 692 832 Eodem an¬
813 771 1865 864 no et zuatopluc rex morauie sicut uulgo
407 851 1892 950 dicitur in medio exercitu suorum delituit ‧ et nusquam comparuit ‧
392 925 1844 1035 Sed reuera tum in se ipsum reuersus ‧ cum recognouisset quod contra
416 1025 1862 1122 dominum suum imperatorem et compatrem ‧ Arnolphum iniuste et quasi
387 1115 1853 1214 inmemor beneficii arma mouisset ‧ qui sibi non solum bo¬
410 1201 1830 1297 emiam uerum eciam alias regiones hinc usque ad flumen o¬
375 1284 1862 1384 dram ‧ et inde uersus ungariam usque ad fluuium Gron subiu¬
404 1369 1877 1468 garat ‧ penitencia ductus medie noctis per opaca nemine
413 1458 1874 1552 sentiente ascendit equum et transiens sua castra fugit ad
401 1543 1841 1636 locum in latere montis zober situm ‧ ubi olim tres heremitę
395 1630 1853 1727 intra magnam et inaccessibilem hominibus siluam eius ope et auxi¬
398 1717 1871 1815 lio edificauerant ęcclesiam ‧ Quo ubi peruenit ‧ ipsius siluę in ab¬
401 1808 1850 1901 dito loco equum interfecit ‧ et gladium suum humi condidit ‧ et
401 1899 1820 1987 ut lucescentę die ad heremitas accessit ‧ quis sit illis igno¬
398 1980 1835 2065 rantibus ‧ est tonsuratus et heremitico habitu indutus ‧ et
408 2065 1832 2153 quamdiu uixit ‧ omnibus incognitus mansit nisi cum iam mori
384 2147 1866 2239 se cognouisset ‧ monachis semet ipsum quis sit innotuit ‧ et sta¬
401 2231 1850 2323 tim obiit ‧ Cuius regnum filii eius pauco tempore ‧ sed minus feliciter te¬
395 2317 1871 2408 nuerunt ‧ partim theuthoniss orientalibus partim ungaris illud
398 2400 1937 2495 diripientibus ‧ partim poloniensibus solo tenus hostiliter depopu¬
396 2486 678 2562 lantibus ‧
