2177 2968
258 228 1721 301 XXXI‧ Sanctorum apostolorum petri et pauli in natalicio ordinatus est seue¬
266 312 1731 385 rus episcopus a magontino archiepiscopo ‧ Eodem anno natus est Spiti¬
272 396 1746 469 gneus filius bracizlai ducis ‧ Anno dominice incarnacionis ‧ millesimo ‧XXX‧
267 477 1740 553 II‧ Anno Dominice incarnacionis ‧ millesimo ‧XXXIII‧ Anno dominice incarnacionis ‧
270 563 1734 636 millesimo ‧XXXIIII‧ Anno dominice incarnacionis ‧ millesimo ‧XXXV‧ Anno dominice
266 657 1065 726 incarnacionis ‧ millesimo ‧XXXVI‧ Anno domini¬
1197 649 1737 720 ce incarnacionis ‧ millesimo ‧XXXVII‧
282 733 1701 806 obiit dux bolezlaus ‧ quem mesco lumi¬
1272 748 1714 792 ne priuauit ‧ Eodem
273 818 1764 894 anno ‧V‧ IDVS Nouembris ‧ dux ŏdalricus linquens terrena cap¬
285 902 1722 981 tat celestia regna ‧ Tunc iaromir de quo supra meminimus
285 989 1704 1068 lumine orbus cui dux ŏdalricus destinarat ut degeret
285 1079 1755 1150 lisza in uiculo audiens quod frater suus ab hoc seculo migrasset ‧
273 1157 1716 1238 surgit diluculo ‧ et inperat ut se deducant ad urbem pra¬
272 1242 1716 1321 gam uehiculo ‧ Quo cum peruenit iam fratrem suum delatum ad ęcclesiam
293 1331 1728 1410 sancti georgii martyris inuenit ‧ Ad cuius funus stans iuxta feretrum
288 1409 1743 1492 omnium circa astancium mouit et concussit corda huiusmodi elo¬
287 1490 1728 1576 gii lamento ‧ Heu michi quid dicam ‧ nisi sepius heu michi dicam ‧ heu michi
288 1571 1746 1657 germane ‧ heu dira condicio mortis amare ‧ Mortuus ecce ia¬
294 1652 1734 1743 ces ‧ nec ego nec tu modo gaudes huius terreni fruituri cul¬
293 1733 1745 1830 mine regni ‧ Nudius tercius dux nobilis ‧ hodie truncus inmo¬
294 1822 1730 1911 bilis ‧ cras uermibus esca ‧ post tenuis fauilla ‧ et iam es et inanis e¬
284 1907 1724 1995 ris fabella ‧ Lumine priuasti me ‧ nec fratrem ut frater
284 1997 1737 2076 amasti ‧ non fecisse modo quod fecisti michi malles ‧ Nunc
296 2084 1737 2160 scio si posses michi lumina reddere uelles ‧ cum tua sint nuda
291 2169 1734 2244 et aperta ‧ seu bene ‧ seu male facta ‧ Sed nunc ex toto tibi frater
291 2258 1760 2329 corde remitto ‧ ut pietate sua deus omnipotens tibi parcat ‧ spiritus at¬
290 2345 1749 2419 que tuus post hac in pace quiescat ‧ Post expletis rite fu¬
296 2429 1751 2506 nebriis exequiis ‧ accepit bracizlaum fratruelem ‧ et ducit eum
