2156 3006
911 249 1910 330 ad sedem principalem ‧ Et sicut semper in elec¬
902 327 1848 412 cione ducis faciunt per superiores aulę
911 407 1884 493 cancellos decem milia nummorum aut plus
917 494 1877 578 per populum spargunt ‧ ne ducem in solio compri¬
917 582 1886 661 mant ‧ sed pocius sparsos nummos rapiant ‧
913 681 988 711 Mo¬
914 663 1889 742 x duce locato in solio ‧ et facto
989 755 1844 829 silencio tenens dexteram sui fratruelis
905 845 1868 916 iaromir dixit ad populum ‧ Ecce dux uester ‧
908 932 1881 1003 At illi subclamabant ‧ Krlessu ‧quod est
920 1012 1880 1085 kirieleison ‧ Et iterum iaromir ad populum ‧ Acce¬
911 1096 1847 1172 dant inquit de gente muncina ‧ acce¬
914 1184 1871 1258 dant de gente tepca ‧ et uocat eos nomi¬
917 1268 1889 1343 natim ‧ quos norat armis potenciores ‧ fi¬
420 1334 1871 1427 de meliores ‧ milicia forciores ‧ et diuiciis eminenciores ‧ Quos
413 1418 1904 1508 ut sensit adesse dixit ‧ Quoniam me mea fata non sinunt ut sim
426 1504 1889 1591 uester dux ‧ hunc assignamus uobis in ducem et collaudamus ‧ quo
405 1592 1901 1675 ei obediatis ut dignum est duci ‧ et debitam fidelitatem exhibea¬
423 1682 1898 1769 tis ‧ ut par est principi suo. Te autem fili moneo et repetens ite¬
407 1771 1886 1852 rum iterumque monebo Istos colas ut patres ‧ hos diligas ut fratres ‧
413 1860 1877 1935 et in omninus negociis tibi consiliarios habeas ‧ his urbes et populum
407 1941 1994 2014 ad regendum commitas ‧ per hos enim boemię regnum stat et stetit atque
425 2027 1892 2107 stabit in sempiternum ‧ Ast illos qui sunt Wirssouici ‧ iniquorum pa¬
419 2106 1856 2193 trum nequam filii ‧ nostri generis hostes domestici ‧ familiares ini¬
422 2186 1835 2278 mici ‧ ut cenosam rotam deuites ‧ et consorcia eorum declines ‧ quia
407 2278 1886 2363 nobis numquam fuere fideles ‧ Ecce me innocentem et suum principem in¬
398 2365 1901 2450 primis ligauerunt ‧ et diuersis affecerunt ludibriis ‧ post sibi innatis
401 2453 1857 2540 uersuciis ‧ et fraudulentis consiliis id egerunt ‧ ut frater fratrem me
