2174 3006
449 237 1889 312 Quippe profitetur non haberi in tota boemia tunc temporis cle¬
446 318 1872 396 ricum episcopatu dignum · Mox cesar augustis otto sicut erat
452 401 1842 480 in diuinis humanisque rebus prudentissimus ‧ annuens
446 482 1866 564 peticioni eorum · cepit curiosius cogitare · quem de suis potissi¬
459 563 1854 643 mum in hoc tam arduum opus dirigeret clericum · Forte aderat
450 645 1881 728 in regali curia capellanus nomine theadagus actibus probis et
450 732 1913 811 moribus decoratus · liberalibus studiis adprime eruditus genere
459 807 1862 895 de saxonia · lingua perfecte imbutus sclauica · Hunc quia
455 894 1254 974 sors obtulerat · omnis regię au¬
1410 910 1898 985 lę senatus et ipse ce¬
450 982 1887 1066 sar ualde letificatus · in pontificem pragensis ęcclesię eligit
446 1063 1866 1154 et collaudat · et mittens ad magontinum archipresulem · quo
447 1154 1883 1239 eum celeritur in episcopum consecret mandat · Anno Dominice incarnacionis ·
449 1243 1935 1325 DCCCC·LXXXX·VIII· Nonas · iulii · consecratus theadagus hones¬
456 1327 1940 1409 te a clero et populo pragensis ęcclesię recipitur · atque cum magno gau¬
459 1395 723 1476 dio ad cor¬
944 1426 1941 1496 nu altaris sancti uiti intronizatur · dux
455 1493 728 1568 ualde con¬
908 1505 1892 1580 gratulatur · quia pastor bonus suo gregori arri¬
449 1590 1890 1664 det · et grex letus pastori nouo alludit · Eodem anno men¬
449 1676 1883 1755 se iulio terre motus factus est horribilis per totam saxoniam ·
455 1767 1907 1840 duoque lapides igniti ex tonitruo ceciderunt unus in ipsa
446 1855 1763 1925 ciuitate magadaburgensi · alter ultra albiam fluuium ·
494 1943 1913 2017 exit autem iste excellentissimus princeps bolezlaus post patris
485 2027 1877 2101 obitum ·XXX·II· annis ducatum · quia quę · iusticię · quę cat¬
500 2112 1925 2192 holice fidei quę christianę religionis sunt erat ardentissimus
450 2196 1911 2283 executor · aput quem nullus ęcclesiasticam · nullus munda¬
446 2291 1896 2373 nam dignitatem obtinuit per pecuniam · Fuit eciam ut res probat
456 2378 1907 2454 in preliis uictoriosissimus uictor · sed · uictis clementissimus indul¬
449 2469 1896 2542 tor · atque precipuus pacis amator · Cui erant maxime
