2177 2993
270 242 1755 320 cis et uirgine rapta per noctis uix euasit opaca ‧ Rapta est au¬
278 328 1739 406 tem uirgo iudita ‧ anno dominice incarnacionis ‧ millesimo ‧XX·I‧ Et ne daretur
275 405 1733 486 teuthonicis iusta occasio calumpniandi boemos quasi pro illata
284 491 1724 572 iniuria ‧ ilico barazizlaus cum nupta ‧ patre salutato duce ŏ¬
287 578 1715 661 dalrico ‧ recta uia proficiscitur in morauiam ‧ Nam antea pater
278 665 1709 744 sibi totam illam terram tradiderat in potestatem fugatis cunctis
278 744 1715 829 poloniis ‧ ex quibus multos comprehensos centenos et centenos ‧
272 833 1718 915 ordinatim catenatos uendi iusserat in ungariam et ultra ‧ quia
278 918 1712 997 reuera post obitum secundi bolezlai sicut urbem pragam ‧ ita totam mo¬
269 1004 1721 1090 rauiam ‧ ui obtinuerant polonii ‧ Anno dominice incarnacionis ‧
278 1087 1745 1177 millesimo ‧XXII‧ Anno dominice incarnacionis ‧ millesimo ‧XXIII‧VI‧ idus augusti
272 1177 1685 1262 heccardus quartus episcopus sanctę pragensis ecclesię transiit ab hac luce
281 1259 1707 1342 uicturus perpete uita ‧ Fuit autem presul heccardus contra poten¬
288 1342 1685 1430 tes erectus ‧ erga humiles mansuetus pius et modestus ‧
282 1426 1713 1514 facundissimus predicator ‧ largus elemosinarum dator ‧ dominicę fa¬
266 1508 1686 1603 milię in mensura tritici fidelis dispensator ‧ Hic constituit ut
266 1591 1712 1688 pro decimacione unusquisque potens ‧ siue diues ‧ siue pauper ‧ tan¬
287 1675 1682 1768 tum qui de suo pheodo uel allidio araturam haberet ‧ duos
276 1755 1686 1852 modios ‧V‧ palmarum et duorum digitorum ‧ unum tritici ‧ et alterum
269 1839 1737 1936 auenę episcopo solueret ‧ Nam antea sicut primo episcopo dethmaro con¬
266 1923 1727 2017 stitutum erat pro decimacione duos messis aceruos dabant ‧
467 2028 1737 2106 aceruum ‧ quinquaginta manipulos habentem ‧ Huius post
269 2097 1698 2185 obitum izo obtinuit episcopium ‧ Qui ordinatus est eodem an¬
287 2188 1727 2279 no ‧IIII‧ kalendas ‧ ianuarii ‧ Anno dominice in¬
1329 2224 1730 2279 carnacionis ‧ millesimo ‧XX‧
278 2273 1727 2362 IIII‧ Henricus rex theutonicorum obiit ‧IIII‧ idus iulii ‧ Anno domini¬
278 2359 1688 2449 ce incarnacionis ‧ millesimo ‧XX‧V‧XV‧ kalendas ‧ obiit rex bolezlaus ‧ Anno
273 2446 1728 2537 Dominice incarnacionis ‧ millesimo ‧XXVI‧ Anno dominice incarnationis ‧ millesimo ‧XXVII‧
