2182 3027
303 261 1775 364 comitum ‧ confusum inhorruit murmur ‧ Tunc dux torsit ca¬
300 344 1791 450 put a munere nefando ‧ et soluit ora talia ita fando ‧ Aufer
303 438 1752 535 ab aspectu nostro dona sceleste ‧ Tua scelera excedunt modum et
303 521 1752 622 ueniam ‧ nec dignam inueniunt uindictam ‧ Ad hoc flagicium
297 605 1797 708 nec potest dignum excogitari preiudicium ‧ nec par supplicium ‧
306 693 1794 792 An putas quod facere non potuissem quod fecisti si uoluissem ?
309 795 1770 868 Michi autem fuit licitum occidere inimicum ‧ sed non tibi dominum ‧
321 868 1767 962 Hoc quod peccasti peccatum ‧ maius est quam dici potest peccatum ‧ Cer¬
312 957 1739 1051 te quicumque te occiderit uel occidere te iudicauerit ‧ non solum
309 1044 1761 1138 peccatum ‧ sed duplex incurrit peccatum ‧ quia et peccatum quod occi¬
315 1130 1782 1224 daris ‧ et peccatum quod occidisti dominum ‧ pro utroque peccato triplica¬
309 1214 1751 1308 tum portabit peccatum ‧ Verum si pro hoc tam inmani scelere
321 1301 1761 1395 aliquod a nobis donatiuum sperasti ‧ scias tibi pro magno mu¬
318 1385 1791 1482 nere hoc dari ‧ ut unam de tribus quam uelis eligas mortem
321 1472 1770 1570 aut te precipites ex alta rupe ‧ aut te manibus tuis sus¬
306 1554 1764 1657 pendas ‧ in quauis arbore ‧ aut scelerosam uitam tuo finias
321 1635 1805 1744 ense ‧ Ad hec uir zirbin ingemiscens ait ‧ heu heu quam ma¬
315 1727 1733 1830 le uir habet cum preter spem sibi euenit ‧ Et statim abiens
318 1814 1841 1915 in alto alno suspendit se laqueo ‧ Vnde alnus illa quamdiu non ce¬
324 1904 1778 2004 cedit quia iuxta uiam erat ‧ dicta est alnus durinci ‧ Et quoniam hęc an¬
321 1991 1761 2094 tiquis temporibus referuntur euenisse ‧ utrum sint facta an ficta
324 2070 1776 2176 lectoris iudicio relinquimus ‧ nunc ea que uera fidelium rela¬
321 2162 1776 2263 cio commendat ‧ noster stilus licet obtusus tamen deuotus ad ex¬
537 2240 1865 2349 arandum digna memorię se acuat
