2175 2995
252 168 1733 280 dei permissio · et sancti wencezlai intercessio · Diffugiunt omnes · alius
252 228 2072 368 oblitus sui armorum nudus nudum insilit equum et fugit · alius
252 340 1719 454 ut dormiuit eciam sine bracis accelerat fugam · fugientesque non¬
249 429 1719 538 nulli precipitantur de ponte · quia pons erat interrumptus ad in¬
255 519 1695 628 sidias hostibus · Aliis fugientibus per preruptam uiam quod uulgo dicitur
255 607 1671 708 per caudam urbis in arta posterula pre angustia exitus ibi in¬
267 685 1710 796 numeris oppressis · uix ipse dux mesco cum paucis euasit · Sic¬
270 769 1677 883 que fuit ut solet fieri quando homines fugiunt pre timore ·
276 859 1737 967 eciam ad motum aure pauent · et ipse pauor timorem sibi auget ·
279 944 1692 1049 ita hos nemine persequente · uidebantur eis saxa et parietes post
276 1033 1716 1139 se clamare et fugientes persequi · Postera luce dux ŏdalricus
789 1114 1713 1226 intrat urbem pragam · et hisdem familiaribus
794 1194 1769 1312 inimicis · de quibus supra retulimus faudulen¬
813 1288 1760 1396 ter suggerentibus fratrem suum iaromir tercia di¬
804 1378 1734 1480 e priuat lumine · Huic ex legitimo ma¬
807 1467 1721 1565 trimonio non est nata soboles propter infe¬
816 1550 1745 1649 cunditatem coniugis · sed ex quadam femina no¬
815 1633 1742 1735 mine bozena · quę fuit krizine filium
809 1720 1664 1819 prestantissimę formę suscepit · quem
821 1809 1751 1907 brazizlau appellari fecit · Nam qua¬
818 1901 1725 1994 dam die de uenatu cum rediret per uillam
825 1982 1770 2074 rusticanam · hanc quam prediximus femi¬
837 2067 1764 2157 nam ad puteum lauantem pannos uidit ·
849 2148 1802 2234 et intuitus eam a uertice usque ad talos hau¬
291 2238 1784 2339 sit pectore ignes amoris non modicos · Erat enim corporis eius habi¬
288 2326 1755 2425 tudo insignis niue candidior · mollior cigno · nitidior ebo¬
297 2412 1734 2513 re antiquo · pulchrior saphiro · Hanc continuo mittens dux
