2177 2980
263 213 1730 304 tum consumare decreuit ‧ Audiens namque beati uiri sanctam
273 294 1709 384 opinionem ‧ inmenso tripudio ultra quam credi posset cum op¬
270 372 1718 463 timatibus suis gauisus est ‧ cuius sese gratulabundus commen¬
273 456 1710 549 dans oracionibus ‧ seorsum assumpsit ‧ et de suscipienda alba¬
267 540 1719 630 cię infula commonuit ‧ deinde iterata uice in presencia omnis
273 626 1709 719 curialis dignitatis uerbis persuasoriis aggreditur ‧ et licet uelit
285 715 1701 803 nolit pastoralis cure moderamina suscipere deberet ‧ Sed
282 803 1731 888 uir dei in sibi solita perdurans pertinacia ‧ omnino sese as¬
285 882 1722 970 serens indignum nullatenus ad consensum ducis flecti potuit ‧
273 970 1725 1058 Sed diuinę ordinacioni quis est qui contradicat ?  Victis nam¬
291 1053 1730 1147 que omni instancia precum ‧ omnique dilectionis ammoncione
285 1141 1725 1227 atque affabilitate optimatum uiolenter abbas ordinatur ‧ Fac¬
276 1218 1737 1309 ta ergo celebri promocione dux bracizlaus primo quidem dona¬
285 1313 1710 1397 cionem quam pater suus eidem patri adhuc ante suscepcionem
294 1404 1748 1479 abbacię fecerat ‧ flumen uidelicet subterfluens a milobuz ‧ usque
297 1482 1752 1567 ad speluncam quę uulgo zacolnica dicitur ‧ cum pratis et silua circum¬
294 1558 1755 1645 iacente principali corroborauit auctioritatę ‧ deinde eciam hanc
285 1639 1715 1732 eandem donacionem superuenientibus heredibus et eam suo uiri
291 1729 1754 1822 usurpatiue uendicare molientibus ‧ nolens paterna cassare
294 1815 1712 1905 statuta ‧ semet opposuit ‧ litem diremit et eidem patri procopio
282 1905 1706 1986 omnem utilitatem in aqua et silua a predictis terminis redona¬
287 1993 1766 2069 uit ‧ Agros uero et prata ex utraque parte adiacencia sub testimo¬
288 2083 1767 2151 nio et confirmacione filii sui wratizlai ‧ et principum suorum sex¬
285 2159 1757 2235 centorum denariorum precio redemit ‧ et albati procopio scriptis et
273 2257 1338 2324 legitimis testibus reconsignauit ‧ Ad extre¬
1698 2249 1785 2311 mum
285 2345 1392 2410 quoque ex propria largicione terram quę circa est
1649 2326 1742 2390 us¬
291 2420 1710 2497 que ad siluam strnounic ‧ necnon uillam zcramnik ‧ et unum
