2206 3006
446 239 1931 335 Parcite ne ignauorum sanguine polluatis forcia tela ‧ sed pocius quę
455 326 1893 422 portatis uolatilia ut perterrefaciatis falconibus ‧ pauidas acies
455 418 1931 510 ut columbas ‧ Quod ut factum est tanta fuit densitas diuersarum aui¬
461 496 1922 594 um ‧ ut sub pennis earum obscuraretur aer uelut sub aquosa nu¬
458 575 1907 683 be ‧ uel nigre tempestatis tempore ‧ Hoc cernens intrepidus tyro
464 662 1901 769 ceptum interrumpens colloquium ‧ ad suos dixit ‧ Si forte contige¬
452 752 1962 859 rit me mori in prelio ‧ sepelite me in hoc colliculo ‧ et construite ma¬
470 839 1901 945 useolum michi in secula nominatum ‧ unde et hodie nominatur militis
465 920 1910 1030 acerrimi bustum tyri ‧ Moxque prosiliens ceu maxima moles ru¬
452 1000 1901 1117 pis quę fulmine rupta de summitatę alti montis fertur
443 1090 1904 1201 per abrupta loca sternens omnia obstacula ‧ haud aliter ruit for¬
452 1180 1911 1288 tissimus heros tyro in confertissimos hostium cuneos ‧ ac ueluti si
446 1257 1892 1372 quis in orto tenera papauera succideret ferro ‧ ita obstancium
449 1340 1907 1457 metit ense capita hostium ‧ donec plenus hastilibus quasi herinacius
452 1432 1880 1544 in media strage super magnam struem occisorum cecidit ‧ Incertum est
455 1522 1904 1628 quis a quo ‧ uel quali uulnere quisque ceciderit nisi hoc solum scimus pro certo ‧ quod boe¬
437 1613 1910 1718 mi potiti sunt triumpho ‧ lucensibus omnibus interfectis usque ad unum
437 1702 1913 1805 preter illum uidelicet quem nouerca olim premonuerat euntem ad prelium ‧
449 1795 1892 1894 Isque dum iussa peregit nouercę prepeti elapsus fuga ‧ dumque concitus
434 1874 1889 1977 ueniret ad domum ‧ ecce uxor sua plangebatur defuncta ‧ Quam
440 1953 1898 2062 ut uideret uir suus dum discooperuisset eius faciem ‧ res similis fictę
441 2042 1890 2151 uisum est ‧ funus habere in femineo pectore uulnus ‧ et abscisas aures ‧ Tunc
435 2129 1893 2233 uir recolens quod factum fuerat in prelio ‧ protulit aures de bursa
437 2217 1901 2316 cruentas cum in auribus atque recognouit hanc fuisse in specię illius
446 2305 1154 2387 quem aduersantem occidit in bello ‧
503 2398 1895 2489 ost hęc boemi intrantes terram illam ‧ et nullo resistente deuastan¬
476 2485 1896 2575 tes eam ‧ ciuitates destruxerunt ‧ uillas combusserunt ‧ spolia mul¬
