2160 3006
437 227 1898 315 deportes intendas · Hec precepta dei in corde tuo scribe · et hec
432 314 1895 396 mandata patris tui non ommitte · ęcclesię limina frequentur uisi¬
435 401 1886 481 ta · Deum adora · sacerdotes eius honora · Ne sis sapiens aput te¬
440 483 1929 567 met ipsum · sed consule plures si sapiant in id ipsum · pluribus ut pla¬
437 569 1892 649 ceas · sed qualibus stude · Omnia cum amicis · sed prius de ipsis tracta ·
438 654 1923 732 Iuste iudica · sed non sine misericordia · Viduam et aduenam ne despi¬
438 740 1923 814 ce · ad tuam stantes ianuam · Dilige denarium · sed parce dilige for¬
435 821 1877 898 mam · Res enim publica licet nimis adaucta per formam nummis¬
432 905 1901 981 matis falsam · cito erit ad nichilum redacta · Est aliquid fili mi
437 998 1886 1061 quod karolus rex sapientissimus et potentissimus · haud equi¬
438 1073 1889 1152 parandus nobis hominibus ualde humilibus cum filium suum pipi¬
434 1160 1889 1236 num post se in solio sublimandum disponeret · cur terribili eum sa¬
435 1241 1916 1321 cramento constringeret · ne in regno suo subdola et praua taxatio po¬
452 1317 1892 1405 nderis aut monete fieret ? Certe nulla clades · nulla pesti¬
450 1403 1922 1489 lentia · nec si hostes totam terram rapinis · incendiis deuasta¬
452 1494 1919 1578 rent · magis populo dei nocerent · quam frequens mutatio et frau¬
444 1586 1871 1668 dulenta peioratio nummi · Quę pestis aut quȩ infernalis
449 1673 1925 1750 herinis inclementius spoliat · perdit et attenuat christicolas · quam fraus
446 1758 1901 1834 in numero herilis ? Aut qui post hęc senescente iusticia et inuales¬
443 1844 1934 1920 cente nequicia · surgent non duces sed fures · non rectores populi dei sed ne¬
450 1931 1922 2007 quem exactores auarissimi · sine misericordia homines · deum omnia cernen¬
456 2010 1919 2089 tem non timentes · qui ter uel quater in anno monetam mutando eunt
449 2096 1916 2176 in laqueum diaboli · et ad perdicionem populi dei · Talibus enim nequam artibus
453 2189 1913 2269 et per legum insolentiam coangustabunt huius regni terminos · quos
455 2274 1883 2350 ego dilataui usque ad montes qui sunt ultra kracou nomine tritri
443 2366 1884 2431 pro dei gratiam et populi opulentiam · Nam diuicię plebis · sunt laus et
435 2453 1877 2523 gloria regis · Nec sibi sed domino grauis est · quę seruit egestas · Plura
