2156 3006
416 215 1895 314 Anno dominice incarnacionis ‧ millesimo ‧XXVIII‧ Anno dominice incarnacionis ‧ millesimo ·
419 301 1911 398 XXVIII‧ Anno dominice incarnacionis ‧ millesimo ‧XXX‧ Hoc anno dux bra¬
432 376 1926 479 cizlaus magna cede postrauit ungaros et terram eorum usque ad ur¬
425 462 1889 562 bem strigoniam deuastauit ‧ Eodem anno ‧III‧ kalendas februarii izzo ‧ quintus ‧ e¬
434 546 1898 647 piscopus pragensis ecclesię transiit ab hoc mundo brauio fruitur¬
440 633 1886 731 que iocundo ‧ Hic fuit nobilis genere ‧ sed nobilior opere ‧ qui
440 720 1916 815 fecit prior quę facienda precepit ‧ Nam nulli magis est no¬
438 807 1832 901 ta propria sedes quam sibi carcer ‧ et infirmorum erant edes ‧
441 894 1919 989 Nec enim latuit quot hominum capita uitę sint reddita ‧ uel quot
453 985 1901 1076 mors animas ad furnas mitteret umbras ‧ Preterea so¬
453 1077 1919 1168 litus erat cottidie quater denos pauperes pascere ‧ quibus ha¬
449 1159 1904 1252 bunde procurans cibum et potum ipse benedixit ‧ et ipse hylari¬
452 1246 1892 1337 ter distribuit ‧ Erat enim et corporis eius pulchritudo insignis ‧
431 1333 1925 1421 caput capillo albius cigno ‧ unde cognomen obtinuit ‧ ut dicere¬
452 1414 1856 1502 tur albus atque blandus episcopus izzo ‧ Post hunc seuerus presul
444 1501 1919 1586 successit in ordine · sextus · qui tempore iuuentutis mire enitu¬
449 1589 1913 1672 it decore agilitatis ‧ quia quotquot erant in curia ducis omnes su¬
437 1672 1901 1757 is precellens obsequiis ‧ sedulum domino suo et magis gratum et fi¬
444 1764 1905 1843 dele exhibebat seruicium ‧ Primus enim fuit officiis clericorum
437 1852 1904 1928 nec minus deditus studiis laicorum ad erat semper comes in¬
443 1941 1919 2014 diuiduus duci in uenationibus ‧ Primus enim affuit in occisi¬
440 2021 1922 2100 one siluatici apri ‧ et abscidens eius caudam purgat ‧ et parat ‧
440 2101 1916 2188 ut ducem uelle norat ‧ paratamque uenienti domino ad uescen¬
440 2182 1877 2275 dum donat ‧ Vnde dux ŏdalricus sepe sibi fertur dixisse ‧
446 2269 1910 2365 O seuere dico tibi uere pro hoc tam dulci edulio ‧ dignus
443 2362 1871 2452 es episcopio ‧ His atque huiusmodi studiis ‧ habuit gratiam
444 2457 1896 2542 ducis ‧ et placuit uniuersis ‧ Anno dominice incarnacionis ‧ millesimo ‧
