<?xml version="1.0" encoding="UTF-8" standalone="yes"?>
<PcGts xmlns="http://schema.primaresearch.org/PAGE/gts/pagecontent/2013-07-15" xmlns:xsi="http://www.w3.org/2001/XMLSchema-instance" xsi:schemaLocation="http://schema.primaresearch.org/PAGE/gts/pagecontent/2013-07-15 http://schema.primaresearch.org/PAGE/gts/pagecontent/2013-07-15/pagecontent.xsd">
    <Metadata>
        <Creator>prov=University of Rostock/Institute of Mathematics/CITlab|PLANET AI GmbH/Tobias Gruening/tobias.gruening@planet-ai.de:name=/net_tf/LA73_249_0mod360.pb:de.uros.citlab.segmentation.CITlab_LA_ML:v=2.6.6
Transkribus</Creator>
        <Created>2020-02-24T17:14:00.241+01:00</Created>
        <LastChange>2025-12-08T22:36:13.850+01:00</LastChange>
        <TranskribusMetadata docId="11421212" pageId="104474595" pageNr="26" tsid="264366792" status="GT" userId="194844" imgUrl="https://files.transkribus.eu/Get?fileType=view&amp;id=OKPHHWNOAWBIQHXJWGPHZSKZ" xmlUrl="https://files.transkribus.eu/Get?id=FOPMRTRBNQDNCFTYHXVMYADA" imageId="9149527"/>
    </Metadata>
    <Page imageFilename="06 - A3a - ÖNB 508-0026.jpg" imageWidth="2218" imageHeight="3030">
        <ReadingOrder>
            <OrderedGroup id="ro_1765450710520" caption="Regions reading order">
                <RegionRefIndexed index="0" regionRef="r4"/>
            </OrderedGroup>
        </ReadingOrder>
        <TextRegion orientation="0.0" id="r4" custom="readingOrder {index:0;}">
            <Coords points="420,247 386,2573 1998,2608 1989,258"/>
            <TextLine id="r4l1" custom="readingOrder {index:0;}">
                <Coords points="452,325 527,324 603,324 679,325 755,327 831,329 907,331 983,334 1059,337 1135,340 1211,342 1286,345 1362,348 1438,351 1514,352 1590,354 1666,355 1742,355 1818,355 1894,354 1970,352 1970,294 1894,296 1818,297 1742,297 1666,297 1590,296 1514,294 1438,293 1362,290 1286,287 1211,284 1135,282 1059,279 983,276 907,273 831,271 755,269 679,267 603,266 527,266 452,267"/>
                <Baseline points="452,306 527,305 603,305 679,306 755,308 831,310 907,312 983,315 1059,318 1135,321 1211,323 1286,326 1362,329 1438,332 1514,333 1590,335 1666,336 1742,336 1818,336 1894,335 1970,333"/>
                <TextEquiv>
                    <Unicode>et potentes aliis predicant ‧ haud ignorant quod semet ipsos</Unicode>
                </TextEquiv>
            </TextLine>
            <TextLine id="r4l2" custom="readingOrder {index:1;}">
                <Coords points="462,403 535,404 608,406 681,407 754,410 827,413 900,415 973,418 1046,422 1119,425 1192,428 1265,431 1338,434 1411,436 1484,439 1557,440 1630,442 1703,442 1776,443 1849,442 1922,440 1922,380 1849,382 1776,383 1703,382 1630,382 1557,380 1484,379 1411,376 1338,374 1265,371 1192,368 1119,365 1046,362 973,358 900,355 827,353 754,350 681,347 608,346 535,344 462,343"/>
                <Baseline points="462,383 535,384 608,386 681,387 754,390 827,393 900,395 973,398 1046,402 1119,405 1192,408 1265,411 1338,414 1411,416 1484,419 1557,420 1630,422 1703,422 1776,423 1849,422 1922,420"/>
                <TextEquiv>
                    <Unicode>inde plus confundunt et deturpant ‧ cum ipsi per suam hoc ammiserunt</Unicode>
                </TextEquiv>
            </TextLine>
            <TextLine id="r4l3" custom="readingOrder {index:2;}">
                <Coords points="468,489 540,489 613,490 685,492 758,494 831,497 903,499 976,502 1048,505 1121,509 1194,512 1266,515 1339,518 1411,521 1484,523 1557,525 1629,526 1702,528 1774,528 1847,528 1920,528 1920,470 1847,470 1774,470 1702,470 1629,468 1557,467 1484,465 1411,463 1339,460 1266,457 1194,454 1121,451 1048,447 976,444 903,441 831,439 758,436 685,434 613,432 540,431 468,431"/>
                <Baseline points="468,470 540,470 613,471 685,473 758,475 831,478 903,480 976,483 1048,486 1121,490 1194,493 1266,496 1339,499 1411,502 1484,504 1557,506 1629,507 1702,509 1774,509 1847,509 1920,509"/>
                <TextEquiv>
                    <Unicode>ignauiam quod illi habuerunt per industriam ‧ Nam fortuna</Unicode>
                </TextEquiv>
            </TextLine>
            <TextLine id="r4l4" custom="readingOrder {index:3;}">
                <Coords points="461,568 533,568 605,570 678,571 750,573 822,576 895,579 967,582 1039,585 1112,589 1184,594 1256,597 1329,601 1401,603 1473,607 1546,609 1618,610 1690,612 1763,613 1835,612 1908,612 1908,554 1835,554 1763,555 1690,554 1618,552 1546,551 1473,549 1401,545 1329,543 1256,539 1184,536 1112,531 1039,527 967,524 895,521 822,518 750,515 678,513 605,512 533,510 461,510"/>
                <Baseline points="461,549 533,549 605,551 678,552 750,554 822,557 895,560 967,563 1039,566 1112,570 1184,575 1256,578 1329,582 1401,584 1473,588 1546,590 1618,591 1690,593 1763,594 1835,593 1908,593"/>
                <TextEquiv>
                    <Unicode>semper hanc ludit aleam sua rota ‧ ut nunc hos erigat ad summa</Unicode>
                </TextEquiv>
            </TextLine>
            <TextLine id="r4l5" custom="readingOrder {index:4;}">
                <Coords points="462,651 536,652 611,654 686,655 761,658 836,662 910,666 985,669 1060,673 1135,678 1210,682 1284,686 1359,690 1434,693 1509,696 1584,699 1658,700 1733,702 1808,703 1883,702 1958,700 1958,642 1883,644 1808,645 1733,644 1658,642 1584,641 1509,638 1434,635 1359,632 1284,628 1210,624 1135,620 1060,615 985,611 910,608 836,604 761,600 686,597 611,596 536,594 462,593"/>
                <Baseline points="462,632 536,633 611,635 686,636 761,639 836,643 910,647 985,650 1060,654 1135,659 1210,663 1284,667 1359,671 1434,674 1509,677 1584,680 1658,681 1733,683 1808,684 1883,683 1958,681"/>
                <TextEquiv>
                    <Unicode>nunc illos mergat in infima ‧ Vnde fit ut dignitas terrena quę erat</Unicode>
                </TextEquiv>
            </TextLine>
            <TextLine id="r4l6" custom="readingOrder {index:5;}">
                <Coords points="452,730 526,732 601,735 676,738 750,741 825,745 900,750 974,753 1049,757 1124,762 1199,767 1273,772 1348,775 1423,778 1497,782 1572,785 1647,787 1721,789 1796,789 1871,789 1946,787 1946,729 1871,731 1796,731 1721,731 1647,729 1572,727 1497,724 1423,720 1348,717 1273,714 1199,709 1124,704 1049,699 974,695 900,692 825,687 750,683 676,680 601,677 526,674 452,672"/>
                <Baseline points="452,711 526,713 601,716 676,719 750,722 825,726 900,731 974,734 1049,738 1124,743 1199,748 1273,753 1348,756 1423,759 1497,763 1572,766 1647,768 1721,770 1796,770 1871,770 1946,768"/>
                <TextEquiv>
                    <Unicode>aliquando ad gloriam ‧ ammissa sit ad ignominiam ‧ At uero paupertas per</Unicode>
                </TextEquiv>
            </TextLine>
            <TextLine id="r4l7" custom="readingOrder {index:6;}">
                <Coords points="447,826 521,827 595,829 669,831 743,833 817,837 891,841 965,844 1039,848 1113,852 1187,856 1261,860 1335,864 1409,868 1483,871 1557,874 1631,875 1705,877 1779,878 1853,878 1928,878 1928,818 1853,818 1779,818 1705,817 1631,815 1557,814 1483,811 1409,808 1335,804 1261,800 1187,796 1113,792 1039,788 965,784 891,781 817,777 743,773 669,771 595,769 521,767 447,766"/>
                <Baseline points="447,806 521,807 595,809 669,811 743,813 817,817 891,821 965,824 1039,828 1113,832 1187,836 1261,840 1335,844 1409,848 1483,851 1557,854 1631,855 1705,857 1779,858 1853,858 1928,858"/>
                <TextEquiv>
                    <Unicode>uirtutem uicta ‧ non se celat sub pelle lupina ‧ sed uictorem suum tollit</Unicode>
                </TextEquiv>
            </TextLine>
            <TextLine id="r4l8" custom="readingOrder {index:7;}">
                <Coords points="461,910 510,910 559,910 609,911 658,913 707,914 757,917 806,919 855,922 905,925 954,926 1003,930 1053,932 1102,935 1151,938 1201,940 1250,943 1299,944 1349,947 1398,948 1448,949 1448,889 1398,888 1349,887 1299,884 1250,883 1201,880 1151,878 1102,875 1053,872 1003,870 954,866 905,865 855,862 806,859 757,857 707,854 658,853 609,851 559,850 510,850 461,850"/>
                <Baseline points="461,890 510,890 559,890 609,891 658,893 707,894 757,897 806,899 855,902 905,905 954,906 1003,910 1053,912 1102,915 1151,918 1201,920 1250,923 1299,924 1349,927 1398,928 1448,929"/>
                <TextEquiv>
                    <Unicode>ad sydera quem olim secum traxerat ad infera ‧</Unicode>
                </TextEquiv>
            </TextLine>
            <TextLine id="r4l9" custom="readingOrder {index:8;}">
                <Coords points="504,1000 579,1001 655,1003 731,1005 806,1009 882,1012 958,1016 1034,1020 1109,1024 1185,1029 1261,1033 1337,1037 1412,1042 1488,1045 1564,1048 1640,1051 1715,1052 1791,1054 1867,1054 1943,1054 1943,994 1867,994 1791,994 1715,992 1640,991 1564,988 1488,985 1412,982 1337,977 1261,973 1185,969 1109,964 1034,960 958,956 882,952 806,949 731,945 655,943 579,941 504,940"/>
                <Baseline points="504,980 579,981 655,983 731,985 806,989 882,992 958,996 1034,1000 1109,1004 1185,1009 1261,1013 1337,1017 1412,1022 1488,1025 1564,1028 1640,1031 1715,1032 1791,1034 1867,1034 1943,1034"/>
                <TextEquiv>
                    <Unicode>ostea uero quam iter emensi fuerant ‧ et iam iamque ad urbem prope ue¬</Unicode>
                </TextEquiv>
            </TextLine>
            <TextLine id="r4l10" custom="readingOrder {index:9;}">
                <Coords points="464,1081 538,1082 612,1085 687,1088 761,1092 836,1096 910,1100 985,1104 1059,1109 1134,1113 1208,1118 1282,1121 1357,1126 1431,1129 1506,1132 1580,1135 1655,1136 1729,1138 1804,1138 1878,1137 1953,1135 1953,1075 1878,1077 1804,1078 1729,1078 1655,1076 1580,1075 1506,1072 1431,1069 1357,1066 1282,1061 1208,1058 1134,1053 1059,1049 985,1044 910,1040 836,1036 761,1032 687,1028 612,1025 538,1022 464,1021"/>
                <Baseline points="464,1061 538,1062 612,1065 687,1068 761,1072 836,1076 910,1080 985,1084 1059,1089 1134,1093 1208,1098 1282,1101 1357,1106 1431,1109 1506,1112 1580,1115 1655,1116 1729,1118 1804,1118 1878,1117 1953,1115"/>
                <TextEquiv>
                    <Unicode>nerant ‧ obuiam eis domna stipata suis satellitibus accelerat ‧ et in¬</Unicode>
                </TextEquiv>
            </TextLine>
            <TextLine id="r4l11" custom="readingOrder {index:10;}">
                <Coords points="459,1171 533,1174 608,1177 682,1180 757,1184 831,1187 906,1192 980,1197 1055,1201 1129,1205 1204,1209 1278,1213 1353,1216 1427,1219 1502,1222 1576,1225 1651,1226 1725,1226 1800,1226 1874,1225 1949,1223 1949,1163 1874,1165 1800,1166 1725,1166 1651,1166 1576,1165 1502,1162 1427,1159 1353,1156 1278,1153 1204,1149 1129,1145 1055,1141 980,1137 906,1132 831,1127 757,1124 682,1120 608,1117 533,1114 459,1111"/>
                <Baseline points="459,1151 533,1154 608,1157 682,1160 757,1164 831,1167 906,1172 980,1177 1055,1181 1129,1185 1204,1189 1278,1193 1353,1196 1427,1199 1502,1202 1576,1205 1651,1206 1725,1206 1800,1206 1874,1205 1949,1203"/>
                <TextEquiv>
                    <Unicode>ter se consertis dextris cum magna leticia tectum subeunt ‧ thoris</Unicode>
                </TextEquiv>
            </TextLine>
            <TextLine id="r4l12" custom="readingOrder {index:11;}">
                <Coords points="371,1260 450,1260 529,1260 609,1262 688,1264 767,1267 847,1271 926,1275 1005,1278 1085,1283 1164,1287 1243,1291 1323,1294 1402,1299 1481,1302 1561,1305 1640,1306 1719,1308 1799,1308 1878,1308 1958,1306 1958,1248 1878,1250 1799,1250 1719,1250 1640,1248 1561,1247 1481,1244 1402,1241 1323,1236 1243,1233 1164,1229 1085,1225 1005,1220 926,1217 847,1213 767,1209 688,1206 609,1204 529,1202 450,1202 371,1202"/>
                <Baseline points="455,1242 484,1243 529,1241 609,1243 688,1245 767,1248 847,1252 926,1256 1005,1259 1085,1264 1164,1268 1243,1272 1323,1275 1402,1280 1481,1283 1561,1286 1640,1287 1719,1289 1799,1289 1878,1289 1958,1287"/>
                <TextEquiv>
                    <Unicode>discumbunt ‧ cerere et bacho corpora reficiunt ‧ cetera noctis spacia ue¬</Unicode>
                </TextEquiv>
            </TextLine>
            <TextLine id="r4l13" custom="readingOrder {index:12;}">
                <Coords points="449,1339 522,1341 596,1344 670,1347 744,1350 818,1353 891,1357 965,1360 1039,1365 1113,1368 1187,1372 1260,1377 1334,1380 1408,1383 1482,1386 1556,1389 1629,1391 1703,1393 1777,1393 1851,1395 1925,1393 1925,1335 1851,1337 1777,1335 1703,1335 1629,1333 1556,1331 1482,1328 1408,1325 1334,1322 1260,1319 1187,1314 1113,1310 1039,1307 965,1302 891,1299 818,1295 744,1292 670,1289 596,1286 522,1283 449,1281"/>
                <Baseline points="449,1320 522,1322 596,1325 670,1328 744,1331 818,1334 891,1338 965,1341 1039,1346 1113,1349 1187,1353 1260,1358 1334,1361 1408,1364 1482,1367 1556,1370 1629,1372 1703,1374 1777,1374 1851,1376 1925,1374"/>
                <TextEquiv>
                    <Unicode>neri et himineo indulgent ‧ Hic uir qui uere ex uirtutis</Unicode>
                </TextEquiv>
            </TextLine>
            <TextLine id="r4l14" custom="readingOrder {index:13;}">
                <Coords points="449,1429 524,1430 599,1432 674,1433 749,1436 824,1439 899,1442 975,1447 1050,1451 1125,1456 1200,1460 1275,1464 1350,1468 1425,1471 1501,1475 1576,1477 1651,1478 1726,1480 1801,1480 1876,1478 1952,1475 1952,1415 1876,1418 1801,1420 1726,1420 1651,1418 1576,1417 1501,1415 1425,1411 1350,1408 1275,1404 1200,1400 1125,1396 1050,1391 975,1387 899,1382 824,1379 749,1376 674,1373 599,1372 524,1370 449,1369"/>
                <Baseline points="449,1409 524,1410 599,1412 674,1413 749,1416 824,1419 899,1422 975,1427 1050,1431 1125,1436 1200,1440 1275,1444 1350,1448 1425,1451 1501,1455 1576,1457 1651,1458 1726,1460 1801,1460 1876,1458 1952,1455"/>
                <TextEquiv>
                    <Unicode>merito dicendus est uir ‧ hanc efferam gentem legibus frenauit ‧</Unicode>
                </TextEquiv>
            </TextLine>
            <TextLine id="r4l15" custom="readingOrder {index:14;}">
                <Coords points="452,1517 525,1517 599,1517 673,1519 747,1522 821,1525 894,1528 968,1532 1042,1537 1116,1542 1190,1546 1263,1550 1337,1554 1411,1558 1485,1562 1559,1564 1632,1567 1706,1568 1780,1568 1854,1567 1928,1565 1928,1505 1854,1507 1780,1508 1706,1508 1632,1507 1559,1504 1485,1502 1411,1498 1337,1494 1263,1490 1190,1486 1116,1482 1042,1477 968,1472 894,1468 821,1465 747,1462 673,1459 599,1457 525,1457 452,1457"/>
                <Baseline points="452,1497 525,1497 599,1497 673,1499 747,1502 821,1505 894,1508 968,1512 1042,1517 1116,1522 1190,1526 1263,1530 1337,1534 1411,1538 1485,1542 1559,1544 1632,1547 1706,1548 1780,1548 1854,1547 1928,1545"/>
                <TextEquiv>
                    <Unicode>et indomitum populum imperio domuit ‧ et seruituti qua nunc premitur</Unicode>
                </TextEquiv>
            </TextLine>
            <TextLine id="r4l16" custom="readingOrder {index:15;}">
                <Coords points="440,1610 515,1609 590,1609 665,1610 740,1612 815,1613 890,1616 966,1620 1041,1624 1116,1627 1191,1631 1266,1636 1341,1639 1416,1642 1492,1646 1567,1648 1642,1651 1717,1652 1792,1652 1867,1652 1943,1649 1943,1589 1867,1592 1792,1592 1717,1592 1642,1591 1567,1588 1492,1586 1416,1582 1341,1579 1266,1576 1191,1571 1116,1567 1041,1564 966,1560 890,1556 815,1553 740,1552 665,1550 590,1549 515,1549 440,1550"/>
                <Baseline points="440,1590 515,1589 590,1589 665,1590 740,1592 815,1593 890,1596 966,1600 1041,1604 1116,1607 1191,1611 1266,1616 1341,1619 1416,1622 1492,1626 1567,1628 1642,1631 1717,1632 1792,1632 1867,1632 1943,1629"/>
                <TextEquiv>
                    <Unicode>subuigauit ‧ atque omnia iura quibus hęc terra utitur et regitur ‧ so¬</Unicode>
                </TextEquiv>
            </TextLine>
            <TextLine id="r4l17" custom="readingOrder {index:16;}">
                <Coords points="440,1696 474,1696 508,1695 542,1694 576,1694 611,1694 645,1696 679,1696 713,1696 747,1697 782,1698 816,1699 850,1700 884,1701 918,1702 953,1703 987,1705 1021,1705 1055,1706 1089,1706 1124,1708 1124,1648 1089,1646 1055,1646 1021,1645 987,1645 953,1643 918,1642 884,1641 850,1640 816,1639 782,1638 747,1637 713,1636 679,1636 645,1636 611,1634 576,1634 542,1634 508,1635 474,1636 440,1636"/>
                <Baseline points="440,1676 474,1676 508,1675 542,1674 576,1674 611,1674 645,1676 679,1676 713,1676 747,1677 782,1678 816,1679 850,1680 884,1681 918,1682 953,1683 987,1685 1021,1685 1055,1686 1089,1686 1124,1688"/>
                <TextEquiv>
                    <Unicode>lus cum sola lubossa dictauit ‧</Unicode>
                </TextEquiv>
            </TextLine>
            <TextLine id="r4l18" custom="readingOrder {index:17;}">
                <Coords points="416,1783 493,1780 570,1778 647,1778 724,1779 801,1781 878,1783 956,1787 1033,1790 1110,1795 1187,1799 1264,1804 1341,1808 1418,1812 1496,1816 1573,1819 1650,1822 1727,1822 1804,1823 1881,1822 1959,1819 1959,1759 1881,1762 1804,1763 1727,1762 1650,1762 1573,1759 1496,1756 1418,1752 1341,1748 1264,1744 1187,1739 1110,1735 1033,1730 956,1727 878,1723 801,1721 724,1719 647,1718 570,1718 493,1720 416,1723"/>
                <Baseline points="416,1763 493,1760 570,1758 647,1758 724,1759 801,1761 878,1763 956,1767 1033,1770 1110,1775 1187,1779 1264,1784 1341,1788 1418,1792 1496,1796 1573,1799 1650,1802 1727,1802 1804,1803 1881,1802 1959,1799"/>
                <TextEquiv>
                    <Unicode>Nter hęc primordia legum quadam die predicta domna ‧ phitone concita¬ </Unicode>
                </TextEquiv>
            </TextLine>
            <TextLine id="r4l19" custom="readingOrder {index:18;}">
                <Coords points="401,1852 477,1852 554,1854 630,1855 707,1857 783,1860 860,1863 936,1867 1013,1870 1089,1873 1166,1878 1242,1882 1319,1885 1395,1888 1472,1891 1548,1894 1625,1896 1701,1897 1778,1897 1854,1897 1931,1896 1931,1866 1854,1867 1778,1867 1701,1867 1625,1866 1548,1864 1472,1861 1395,1858 1319,1855 1242,1852 1166,1848 1089,1843 1013,1840 936,1837 860,1833 783,1830 707,1827 630,1825 554,1824 477,1822 401,1822"/>
                <Baseline points="401,1842 477,1842 554,1844 630,1845 707,1847 783,1850 860,1853 936,1857 1013,1860 1089,1863 1166,1868 1242,1872 1319,1875 1395,1878 1472,1881 1548,1884 1625,1886 1701,1887 1778,1887 1854,1887 1931,1886"/>
                <TextEquiv>
                    <Unicode>ta presente uiro suo primizl et aliis senioribus populi astantibus ‧ sic</Unicode>
                </TextEquiv>
            </TextLine>
            <TextLine id="r4l22" custom="readingOrder {index:19;}">
                <Coords points="440,1944 513,1945 587,1947 661,1949 735,1952 809,1955 882,1958 956,1961 1030,1965 1104,1968 1178,1971 1251,1974 1325,1979 1399,1981 1473,1983 1547,1986 1620,1987 1694,1988 1768,1988 1842,1988 1916,1986 1916,1950 1842,1952 1768,1952 1694,1952 1620,1951 1547,1950 1473,1947 1399,1945 1325,1943 1251,1938 1178,1935 1104,1932 1030,1929 956,1925 882,1922 809,1919 735,1916 661,1913 587,1911 513,1909 440,1908"/>
                <Baseline points="440,1932 513,1933 587,1935 661,1937 735,1940 809,1943 882,1946 956,1949 1030,1953 1104,1956 1178,1959 1251,1962 1325,1967 1399,1969 1473,1971 1547,1974 1620,1975 1694,1976 1768,1976 1842,1976 1916,1974"/>
                <TextEquiv>
                    <Unicode>est uocitata ‧ Vrbem conspicio ‧ fama quę sydera tanget ‧ Est</Unicode>
                </TextEquiv>
            </TextLine>
            <TextLine id="r4l23" custom="readingOrder {index:20;}">
                <Coords points="383,2026 460,2029 538,2033 615,2038 693,2042 770,2046 848,2050 925,2054 1003,2057 1080,2062 1158,2065 1236,2068 1313,2071 1391,2074 1468,2076 1546,2078 1623,2080 1701,2081 1778,2081 1856,2083 1934,2081 1934,2021 1856,2023 1778,2021 1701,2021 1623,2020 1546,2018 1468,2016 1391,2014 1313,2011 1236,2008 1158,2005 1080,2002 1003,1997 925,1994 848,1990 770,1986 693,1982 615,1978 538,1973 460,1969 383,1966"/>
                <Baseline points="434,2008 460,2009 538,2013 615,2018 693,2022 770,2026 848,2030 925,2034 1003,2037 1080,2042 1158,2045 1236,2048 1313,2051 1391,2054 1468,2056 1546,2058 1623,2060 1701,2061 1778,2061 1856,2063 1934,2061"/>
                <TextEquiv>
                    <Unicode>locus in silua uilla qui distat ab ista ‧ Terdenis stadiis ‧ quem wilta¬</Unicode>
                </TextEquiv>
            </TextLine>
            <TextLine id="r4l24" custom="readingOrder {index:21;}">
                <Coords points="453,2116 526,2117 599,2119 672,2122 745,2126 818,2129 891,2134 965,2138 1038,2141 1111,2146 1184,2150 1257,2153 1330,2156 1403,2159 1477,2162 1550,2164 1623,2165 1696,2165 1769,2165 1842,2163 1916,2161 1916,2101 1842,2103 1769,2105 1696,2105 1623,2105 1550,2104 1477,2102 1403,2099 1330,2096 1257,2093 1184,2090 1111,2086 1038,2081 965,2078 891,2074 818,2069 745,2066 672,2062 599,2059 526,2057 453,2056"/>
                <Baseline points="453,2096 526,2097 599,2099 672,2102 745,2106 818,2109 891,2114 965,2118 1038,2121 1111,2126 1184,2130 1257,2133 1330,2136 1403,2139 1477,2142 1550,2144 1623,2145 1696,2145 1769,2145 1842,2143 1916,2141"/>
                <TextEquiv>
                    <Unicode>ua terminat undis ‧ Hanc ex parte aquilonali ualde munit</Unicode>
                </TextEquiv>
            </TextLine>
            <TextLine id="r4l25" custom="readingOrder {index:22;}">
                <Coords points="440,2203 516,2203 592,2206 668,2208 744,2211 820,2214 896,2218 972,2223 1048,2227 1124,2231 1201,2235 1277,2240 1353,2244 1429,2247 1505,2249 1581,2251 1657,2251 1733,2251 1809,2251 1885,2248 1962,2245 1962,2187 1885,2190 1809,2193 1733,2193 1657,2193 1581,2193 1505,2191 1429,2189 1353,2186 1277,2182 1201,2177 1124,2173 1048,2169 972,2165 896,2160 820,2156 744,2153 668,2150 592,2148 516,2145 440,2145"/>
                <Baseline points="440,2184 516,2184 592,2187 668,2189 744,2192 820,2195 896,2199 972,2204 1048,2208 1124,2212 1201,2216 1277,2221 1353,2225 1429,2228 1505,2230 1581,2232 1657,2232 1733,2232 1809,2232 1885,2229 1962,2226"/>
                <TextEquiv>
                    <Unicode>ualle profunda riuulus bruznice ‧ At australi ex latere latus mons</Unicode>
                </TextEquiv>
            </TextLine>
            <TextLine id="r4l26" custom="readingOrder {index:23;}">
                <Coords points="443,2286 520,2286 598,2286 676,2289 754,2292 832,2295 910,2299 987,2304 1065,2309 1143,2314 1221,2318 1299,2323 1377,2327 1454,2330 1532,2334 1610,2335 1688,2337 1766,2337 1844,2335 1922,2332 1922,2274 1844,2277 1766,2279 1688,2279 1610,2277 1532,2276 1454,2272 1377,2269 1299,2265 1221,2260 1143,2256 1065,2251 987,2246 910,2241 832,2237 754,2234 676,2231 598,2228 520,2228 443,2228"/>
                <Baseline points="443,2267 520,2267 598,2267 676,2270 754,2273 832,2276 910,2280 987,2285 1065,2290 1143,2295 1221,2299 1299,2304 1377,2308 1454,2311 1532,2315 1610,2316 1688,2318 1766,2318 1844,2316 1922,2313"/>
                <TextEquiv>
                    <Unicode>nimis petrosus ‧ qui a petris dicitur petrin ‧ supereminet loca ‧ Loci autem</Unicode>
                </TextEquiv>
            </TextLine>
            <TextLine id="r4l27" custom="readingOrder {index:24;}">
                <Coords points="437,2378 511,2377 585,2378 660,2378 734,2380 809,2383 883,2386 957,2390 1032,2394 1106,2398 1181,2402 1255,2407 1329,2410 1404,2413 1478,2417 1553,2420 1627,2422 1701,2423 1776,2423 1850,2422 1925,2420 1925,2360 1850,2362 1776,2363 1701,2363 1627,2362 1553,2360 1478,2357 1404,2353 1329,2350 1255,2347 1181,2342 1106,2338 1032,2334 957,2330 883,2326 809,2323 734,2320 660,2318 585,2318 511,2317 437,2318"/>
                <Baseline points="437,2358 511,2357 585,2358 660,2358 734,2360 809,2363 883,2366 957,2370 1032,2374 1106,2378 1181,2382 1255,2387 1329,2390 1404,2393 1478,2397 1553,2400 1627,2402 1701,2403 1776,2403 1850,2402 1925,2400"/>
                <TextEquiv>
                    <Unicode>mons curuatur in modum delphini marini porci tendens usque</Unicode>
                </TextEquiv>
            </TextLine>
            <TextLine id="r4l28" custom="readingOrder {index:25;}">
                <Coords points="443,2465 517,2464 592,2462 667,2463 742,2464 817,2467 892,2468 966,2471 1041,2475 1116,2479 1191,2483 1266,2486 1341,2490 1416,2494 1490,2497 1565,2499 1640,2501 1715,2503 1790,2503 1865,2503 1940,2501 1940,2441 1865,2443 1790,2443 1715,2443 1640,2441 1565,2439 1490,2437 1416,2434 1341,2430 1266,2426 1191,2423 1116,2419 1041,2415 966,2411 892,2408 817,2407 742,2404 667,2403 592,2402 517,2404 443,2405"/>
                <Baseline points="443,2445 517,2444 592,2442 667,2443 742,2444 817,2447 892,2448 966,2451 1041,2455 1116,2459 1191,2463 1266,2466 1341,2470 1416,2474 1490,2477 1565,2479 1640,2481 1715,2483 1790,2483 1865,2483 1940,2481"/>
                <TextEquiv>
                    <Unicode>in predictum amnem ‧ Ad quem dum perueneritis ‧ inuenietis hominem</Unicode>
                </TextEquiv>
            </TextLine>
            <TextLine id="r4l29" custom="readingOrder {index:26;}">
                <Coords points="380,2554 456,2554 532,2552 608,2552 684,2554 760,2555 836,2557 912,2560 988,2563 1064,2566 1140,2569 1216,2572 1292,2575 1368,2579 1444,2581 1520,2584 1596,2587 1672,2589 1748,2591 1824,2593 1901,2593 1901,2533 1824,2533 1748,2531 1672,2529 1596,2527 1520,2524 1444,2521 1368,2519 1292,2515 1216,2512 1140,2509 1064,2506 988,2503 912,2500 836,2497 760,2495 684,2494 608,2492 532,2492 456,2494 380,2494"/>
                <Baseline points="431,2533 456,2534 532,2532 608,2532 684,2534 760,2535 836,2537 912,2540 988,2543 1064,2546 1140,2549 1216,2552 1292,2555 1368,2559 1444,2561 1520,2564 1596,2567 1672,2569 1748,2571 1824,2573 1901,2573"/>
                <TextEquiv>
                    <Unicode>in media silua limen domus operantem ‧ Et quia ad humile limen</Unicode>
                </TextEquiv>
            </TextLine>
            <TextEquiv>
                <Unicode>et potentes aliis predicant ‧ haud ignorant quod semet ipsos
inde plus confundunt et deturpant ‧ cum ipsi per suam hoc ammiserunt
ignauiam quod illi habuerunt per industriam ‧ Nam fortuna
semper hanc ludit aleam sua rota ‧ ut nunc hos erigat ad summa
nunc illos mergat in infima ‧ Vnde fit ut dignitas terrena quę erat
aliquando ad gloriam ‧ ammissa sit ad ignominiam ‧ At uero paupertas per
uirtutem uicta ‧ non se celat sub pelle lupina ‧ sed uictorem suum tollit
ad sydera quem olim secum traxerat ad infera ‧
ostea uero quam iter emensi fuerant ‧ et iam iamque ad urbem prope ue¬
nerant ‧ obuiam eis domna stipata suis satellitibus accelerat ‧ et in¬
ter se consertis dextris cum magna leticia tectum subeunt ‧ thoris
discumbunt ‧ cerere et bacho corpora reficiunt ‧ cetera noctis spacia ue¬
neri et himineo indulgent ‧ Hic uir qui uere ex uirtutis
merito dicendus est uir ‧ hanc efferam gentem legibus frenauit ‧
et indomitum populum imperio domuit ‧ et seruituti qua nunc premitur
subuigauit ‧ atque omnia iura quibus hęc terra utitur et regitur ‧ so¬
lus cum sola lubossa dictauit ‧
Nter hęc primordia legum quadam die predicta domna ‧ phitone concita¬ 
ta presente uiro suo primizl et aliis senioribus populi astantibus ‧ sic
est uocitata ‧ Vrbem conspicio ‧ fama quę sydera tanget ‧ Est
locus in silua uilla qui distat ab ista ‧ Terdenis stadiis ‧ quem wilta¬
ua terminat undis ‧ Hanc ex parte aquilonali ualde munit
ualle profunda riuulus bruznice ‧ At australi ex latere latus mons
nimis petrosus ‧ qui a petris dicitur petrin ‧ supereminet loca ‧ Loci autem
mons curuatur in modum delphini marini porci tendens usque
in predictum amnem ‧ Ad quem dum perueneritis ‧ inuenietis hominem
in media silua limen domus operantem ‧ Et quia ad humile limen</Unicode>
            </TextEquiv>
        </TextRegion>
    </Page>
</PcGts>
