2182 3027
291 273 1763 367 ta accaperunt ‧ inter quę herilem aput quandam uetulam mulierem latitan¬
288 364 1704 457 tem inueniunt ‧ Quem dux ut uidit quamuis paganus ‧ tamen ut
273 447 1704 544 catholicus bonus ‧ misericordia super eum motus ‧ etatulę eius et formę
276 535 1734 628 pepercit ‧ et nouam urbem in plano loco construens nomine dragus super ri¬
291 633 1683 719 pam fluuii ogre iuxta pagum postoloprth ‧ ubi nunc cernitur sanctę
291 715 1716 808 marię cenobium ‧ tradidit eandem ciuitatem et puerum pedagogo
288 799 1728 895 cui ante pater suus eum commiserat nomine duringo ‧ qui fuit de
291 903 1707 972 zribia genere ‧ excedens hominem scelere ‧ uir pessimo peior ‧
291 971 1737 1067 et omni belua crudelior ‧ Quod utique factum est omnium consilio ‧ ut populus
288 1054 1734 1151 qui dispersus fuerat ad filium herilem suum quippe principem ‧ ceu apes
282 1144 1698 1240 ad suam matriculam confluerent ‧ tum quia cum uiro alienigena ‧ non tam
291 1222 1731 1324 cito conspiraret plebs indigena ‧ his ita dispositis repedant ad
270 1308 1740 1409 propria cum magna leticia ‧ atque uictrices aquilas in sua referent staci¬
288 1393 1728 1495 a ‧ Interea scelestus zrbin ille deterior infidele perpetrat scelus ‧
291 1476 1733 1580 crudele ‧ Nam quadam die piscatores nunciant stacionem piscium
279 1560 1716 1667 non modicam ‧ in placida aqua sub glacie nitida noua ‧ Erat enim gla¬
288 1643 1710 1754 cies perspicua ‧ quam nec aura corruperat ‧ nec puluis commacula¬
288 1727 1713 1841 uerat ‧ Tunc ille iudas secundus durinh ratus esse congruum tempus ad exer¬
285 1810 1712 1930 cendam suam nequiciam ‧ quam dudum mala mente maloque animo con¬
290 1902 1700 2017 ceperat in domini sui uitam uel necesse ‧ ait ad puerum ‧ Eamus domine piscari ‧
294 1992 1737 2102 quem fraude parabat necari ‧ Quo cum peruenissent ait ‧ O mi domi¬
291 2080 1719 2188 nelle ‧ perspice natantes pisces ecce sub glacie plusquam mille ‧ At
294 2163 1758 2275 ille sicut erat puer ‧ pueriliter genua flectens ‧ dum inspicit sub gla¬
285 2247 1745 2359 cie pisces ‧ securus securi tenerum collum excepit ‧ et cui hostis pe¬
279 2335 1719 2452 percit ‧ suus eum pedagogus interfecit ‧ diffugiunt omnes a tali spec¬
282 2416 1737 2539 taculo ‧ At ille zirbin plusquam parricida quod non potuit uno ictu ‧
285 2503 1752 2627 securis ‧ peragit cultello ‧ caput suo dominello abscidens ut por¬
