2177 2980
291 247 1682 321 hysce priuaret oculis ‧ Habeas fili mi semper in memoria sancti
275 339 1719 411 adalberti preconia ‧ qui eorum ob facta crudelia ‧ ter ut fiant su¬
284 420 1698 495 per eos excidia sancto ore confirmauit et excommunicauit eos in
288 496 1701 576 ęcclesia ‧ Quę nutu dei iam bis sunt facta ‧ tercio ut fiant ad¬
285 586 1728 661 huc sunt sollicita fata ‧ At illi hec audientes dissecaban¬
291 667 1692 745 tur cordibus ‧ et fremebant dentibus in eum ut leones ‧ nec post
291 750 1707 829 multos dies Kohan de quo supra retulimus ‧ misso lictore suo ‧
297 838 1701 916 dum ille cecus purgat uentrem in necessario noctis in hora ‧
294 921 1713 1000 acutissima sica perforat eum in posteriora ‧ usque ad uentris
291 999 1743 1084 interiora ‧ Sicque iustus uir uelut dei martyr dux iaromir
294 1057 1848 1162 obiit ‧ anno dominice incarnacionis ‧ millesimo ‧XXXVIII‧II‧ Nonas nouembris ‧
724 1202 990 1243 oc in loco
1002 1177 1946 1234 De ex ordio zazouensis monasterii ‧
729 1244 1731 1325 congruum uidetur non debere pretermitti ‧ qualitur
729 1317 1749 1410 cenobium zazauensę diuinę disposicionis
737 1420 987 1495 gracia exor¬
1116 1416 1731 1488 dium sumpserit ‧ sub quibus
753 1524 920 1588 principi¬
1119 1501 1710 1570 bus ‧ et qualiter ex tenui
756 1584 1730 1668 origine auctore deo in tantam ut hodie cer¬
741 1670 1712 1755 nitur amplitudinem excreuerit ‧ ut et in
747 1751 1698 1832 hoc sicut in ceteris pietatis suę operibus diui¬
299 1834 1710 1926 nę bonitatis magnificencia ab omnibus fidelibus laudetur ‧
302 1920 1725 2004 Tempore siquidem prefati ducis ŏdalrici in diuino cultu uiri mag¬
314 2011 1722 2091 nifici ‧ Fuit heremita procopius nomine ‧ nacione boemicus
303 2100 1695 2175 de uilla chotun sclauonicis litteris a sanctissimo quirillo episcopo
303 2191 1740 2260 quondam inuentis et statutis canonice ad modum imbutus ‧ in
303 2271 1751 2343 seculo presbyter eximius ‧ honesta uitę et casta mysteria celebrans
285 2353 1722 2433 postmodum infula monastice parmatus professionis ‧ solus cum
300 2442 1781 2520 solo deo infideli pinnore in onuulsus deguit ‧ Hic quippe pro amo¬
