2177 2980
276 216 1694 303 sicut res erat ueritatem seriatim exposuit et ad ultimum subiunxit
264 298 1715 382 se pro amore dei ‧ et spe supernę retribucionis mundo fundi¬
276 377 1715 468 tus renunciasse ‧ et in eodem deserto si deo placeret finete¬
279 461 1701 553 nus uelle persistere ‧ Princeps igitur prudens in domino ‧ ammirans
276 547 1713 638 uiri tam arduum propositum ‧ et attendens uultum sancte religionis
279 631 1715 721 gracia preditum ‧ utrasque manus celis tetendit ‧ deum lacrimis perfu¬
282 713 1752 806 sus benedixit ‧ Deinde oracionibus eius sese attencius commendat ‧
293 803 1695 889 et in spiritalem patrem sibi adoptat ‧ et larga manu subsidi¬
285 883 1737 972 um exhibens ‧ ad militum stacionem regreditur gaudens ‧ Exin¬
288 964 1701 1050 de igitur celesti dictante gracia ‧ crescebat adeo longe lateque per
294 1048 1739 1139 cuncta compita fama uirtutum illius multiplici sermone dis¬
291 1142 1707 1228 currens ‧ ut ad eius opinionem cateruatim prouincię eiusdem
294 1222 1716 1319 homines xenia offerent ‧ ipsiusque oracionibus sese deuo¬
285 1316 1728 1408 te manciparent ‧ Qui karitatis flagrancia plenus ‧ hospita¬
300 1402 1713 1493 litate pie preditus ‧ prudencia sancta decenter ornatus ‧ cas¬
291 1484 1716 1578 timonia purus ‧ humilitatis misericordia prouidus ‧ temperancia
291 1563 1740 1662 clarus ‧ habundancia zeli fidei plenus ‧ qui sermone predi¬
285 1642 1712 1747 cacionis sancte ‧ pectora audiencium ut hymber temporane¬
284 1723 1718 1837 us oportuno tempore infusus irrigabat ‧ ac doctrinę suę
291 1811 1727 1921 uomere mentes utillime reformabat ‧ Pauperes denique
299 1904 1718 2008 tanta pietatis largicione sibi diuinitus ingenita susci¬
294 1997 1761 2090 piebat ‧ tamque prona et leta famulatus sollicitudine minis¬
300 2081 1724 2172 trabat ‧ ac si manifestissime Christus adesset ‧ ut omnes territo¬
294 2166 1718 2256 rii eius industria mendici atque pifaudi pascerentur ‧ Propera¬
291 2252 1758 2345 bat equidem ad eum multitudo fidelium habentes in deside¬
288 2336 1755 2431 rio animi sui seculi lucris renunciare ‧ secum finetenus comma¬
282 2417 1784 2519 nere ‧ quos benigne amplectens ‧ fouebat sicut gallina pul¬
