2156 3006
441 226 1905 307 los suos sub alis ‧ Breui itaque temporis dilapso intersticio ‧ felix
431 317 1905 394 pater procopius coadunatis quibus potuit sumptibus ‧ iecit fun¬
440 399 1905 478 damentum in nomine domini ‧ et basilicam in honore sanctissimę dei
449 475 1899 562 genitricis Marię ‧ sancti Iohannis baptistę construxit ‧ et aggrega¬
449 560 1902 647 uit quosdam fratres uita et moribus religiosos ‧ quibus spiritali¬
450 647 1896 734 ter concordantibus unanimi karitatę monastica fieri mo¬
447 736 1907 824 deramina ‧ et misteria diuina iuxta exemplar almifici pa¬
450 817 1892 907 tris benedicti constituit ‧ ipse uero minimus in minimis effectus ‧
441 898 1883 995 Cuius quantum prudens et efficax diligencia mentis indus¬
447 988 1871 1084 triaque ac sollicitudo et quam pia karitatis affluencia gracia
444 1077 1889 1173 fratres extiterit ‧ nullius facundia digne sufficit enarrare ‧
453 1161 1892 1254 Dux igitur predictus et primatus curialis patrem uocitare usui
438 1245 1883 1339 suo commendauerunt ‧ quem eciam paterna ueneracionę diligere
441 1327 1869 1427 decenter affectabant ‧ Vnde idem dux magnanimiter cum satra¬
444 1403 1881 1514 parum suorum ingeniositate perspicaci prudentique consilio dis¬
434 1490 1890 1603 crecionis inito ‧ eum ad abacię inuestituram debere promoue¬
432 1583 1908 1687 ri decreuit ‧ quedam cenobiali usui necessaria decenter coap¬
444 1670 1884 1768 tans ‧ quedam pollicens ‧ quę tandem decenter compleuit ‧ Ille
432 1759 1890 1852 uero sese ceteris preferre pertimescens ‧ summo mansuetudinis hu¬
417 1852 1866 1943 militatisque emolumento omnino recusabat · semet asse¬
414 1937 1868 2028 rens imperitum hominem et indignum operam obediencię mini¬
414 2016 1886 2115 me subiectis inpendere ualere · deum qui omnium occultorum
416 2105 1889 2209 solus cognitor est intime suę inspectionis testem preponens ‧
428 2195 1877 2291 Interim pie memorie duce ŏdolrico ex hac luce subtracto ‧
419 2291 1868 2377 bracizlaus filius eius regni principatum obtinuit ‧ uir per omnia
407 2380 1905 2462 diuine religionis cultum diligens opus quod pater suus
404 2465 1938 2546 inperfectum reliquerat ‧ omni sagacitatis diligencia ad perfec¬
