2479 3508
555 493 1364 541 Oportet te hoc tuo gladio comprobare
558 559 1516 601 onachus hinc sermone cepit petere terminum
555 615 1465 660 Cesar eduxit contra eum suum proditorem
567 672 1501 717 Ibat proditor cesaris in circulum et cantando
561 735 1415 771 Super monachum nichil non curando ‧
570 780 1379 825 Onachus arrepto gladio duellari
561 842 1480 887 Scidit proditori clipeum et ipsum solum ‧
567 903 1468 946 Esar euocauit monachum ad suam curiam
576 954 1319 1006 Et ibit ad ipsum petens ueniam ‧
570 1009 1495 1060 Ex suuatopluk dedit se cesari agnoscere
561 1069 1122 1117 Cesar cepit omnia fateri ‧
567 1129 1397 1177 Estituit ergo sibi uxorem et regnum
570 1186 1507 1234 Et dedit sibi in morauia omnem libertatem
573 1242 1498 1293 Et quicquid posset ungarie terre acquirere
579 1303 1483 1346 Dedit sibi potestatem ad suam terram adpropriare
588 1354 1492 1403 In breui euo Suuatopluko uxor decessit
567 1413 1427 1460 Et rex cum exercitu contra ungaros iuit
579 1478 1173 1518 Vngari regem uicerunt
573 1526 1140 1575 Rex uocato duce boemie
567 1588 1436 1633 Coram cesare cessit sibi de regno suo
567 1641 1352 1689 Et iterum ipsum ungari deuicerunt
587 1698 1334 1744 Et morauos multos occiderunt
573 1759 1322 1807 Iste rex cepit multum erubescere
576 1821 1537 1866 Et propter uerecundiam non audebat ad suos reuerti ‧
585 1874 1247 1919 Iuit ergo occulte ad heremum
573 1930 1537 1976 Et fuit usque ad suam mortem in illa densitate
573 1987 1543 2033 Hodie in hac nigri monachi missas cantant
576 2046 1516 2093 Et huic monasterio in ungaria zaborz
576 2105 770 2147 dicunt ‧
