2479 3508
982 538 1868 583 Ospitem super castrum intromiserunt
979 595 1937 638 Et pro ut melius poterant ipsum honorauerunt
976 646 1919 692 Nam eis iam gratus homo uenturus erat
973 702 1779 747 Et ideo quia hominem diu non uiderant
976 762 1665 807 Et noua libenter scire uolebant
979 815 1692 863 Et inceperunt de cesare querere
982 878 1919 926 Ipse sicut de alio de se incepit falso respondere
982 935 1677 971 Dicens numquid hoc ignoratis
976 983 1624 1031 Quia decessit de hoc mundo
985 1042 1409 1087 Ilia sibi respondit
973 1099 1585 1144 Eia qualiter hoc libenter scio
976 1162 1659 1204 Nam de hoc sibi faueo libenter
967 1218 1913 1260 Ne meo dilecto propter eum eueniret malum
967 1275 1877 1323 De hoc eciam fauerem cognacioni toti mee
973 1335 1815 1380 Ut per hoc facerem pacem meo dilecto
976 1397 1910 1436 Ecedens cesar de castro ad exercitum edixit
976 1447 1937 1492 Et principibus suum uiolentum generum dixit
973 1500 1821 1546 Cum labore uiam ad castrum proputauerunt
982 1556 1907 1604 Et ante castrum se cum exercitu posuerunt
991 1618 1648 1657 Esar mandauit genero dici
979 1670 1561 1713 Dicens decet te hoc scire
973 1729 1591 1777 Quod comedi panem tuum
973 1789 1827 1837 Sed quia tu es uiolenter gener meus
979 1845 1442 1887 Super uitam te diffido
979 1906 1588 1946 Et de filia nichil non curo
973 1960 1758 2003 T dum comiti se defendere ui erat
967 2014 1779 2063 Cum quo se defenderet non habebat
967 2070 1701 2116 Nam omnes sone putruerant
967 2129 1770 2174 Et unde alias facerent non habebant
976 2183 1743 2231 Vando castrum in perdicione erat
967 2240 1836 2290 Si filia cesaris non excogitauisset cicius
967 2293 1453 2338 Super meniis stare
